4935 5819
1894 504 2550 597 Pnomsomm
2606 502 2771 599 VI.
3670 530 3896 593 xxvn

740 749 957 827 finali
1005 748 1185 825 satis
1231 744 1434 823 clare
1487 747 1957 835 indicantur,
2004 748 2111 826 ita
2147 765 2239 826 ut
2287 746 2371 826 in
2417 749 2664 855 priori
2717 748 3026 828 distichi
3062 765 3281 856 parte
3314 773 3399 824 ea
3434 744 3531 825 de
3567 772 3652 824 re
3680 748 3901 825 nulla

729 889 964 995 possit
991 912 1141 964 esse
1175 886 1649 993 disceptatio.
1714 889 1884 965 Alia
1922 906 2032 963 est
2065 888 2263 963 ratio
2297 888 2734 993 posterioris
2783 887 3278 993 stropharum
3308 885 3638 978 dimidii,
3689 887 3904 991 quod

728 1027 1208 1104 brevioribus
1253 1050 1804 1131 saepenumero
1856 1027 2112 1103 utitur
2159 1026 2522 1114 versibus,
2573 1026 2681 1103 ita
2731 1044 2823 1103 ut
2871 1024 3205 1103 dubium
3251 1028 3382 1118 sit,
3434 1043 3704 1103 utrum
3753 1044 3904 1103 ter-

729 1167 851 1242 nis
888 1183 1191 1243 tantum
1240 1165 1583 1242 versibus
1631 1183 1982 1241 constent
2029 1162 2408 1269 strophae,
2457 1191 2559 1241 an
2589 1165 3008 1269 quaternis.
3078 1169 3267 1242 Rem
3319 1167 3405 1241 in
3455 1165 3904 1241 universum

725 1305 783 1379 si
838 1305 1184 1410 respicis,
1249 1330 1336 1379 ea
1397 1330 1577 1380 sane
1616 1315 1734 1381 'est
1801 1303 1913 1379 rei
1960 1302 2336 1379 indorum
2378 1303 2741 1379 metricae
2792 1305 2912 1377 lex
2959 1329 3290 1396 summa,
3368 1321 3461 1381 ut
3507 1305 3907 1407 quaternis

726 1444 1068 1519 versibus
1116 1462 1466 1520 constent
1515 1441 1874 1547 strophae
1923 1439 2003 1537 (s.
2049 1442 2376 1537 olchae),
2429 1461 2664 1547 atque
2717 1442 3254 1547 unusquisque
3299 1467 3551 1519 versus
3594 1468 3906 1548 prorsus

728 1580 995 1658 eodem
1046 1606 1370 1659 numero
1414 1581 1817 1673 decurrat,
1870 1584 1984 1657 vel
2040 1579 2495 1686 respondeat
2542 1580 2842 1684 primus
2880 1580 3145 1667 tertio,
3187 1597 3470 1681 quarto
3504 1577 3904 1656 secundus.

726 1718 844 1794 Ad
895 1717 1551 1824 quadripartitam
1597 1720 1798 1796 hanc
1849 1720 2298 1797 divisionem
2335 1716 2727 1823 quadrant
2763 1719 3134 1824 pleraque
3173 1718 3654 1794 canticorum
3681 1721 3906 1822 Jaya-

729 1856 1171 1934 devensium
1221 1885 1536 1962 genera3
1588 1863 1671 1936 at
1730 1879 1915 1936 sunt
1983 1878 2238 1936 tamen
2302 1881 2847 1962 saepenumero
2911 1854 3068 1931 duo
3131 1881 3387 1934 versus
3451 1857 3906 1962 posteriores

728 1997 979 2072 multo
1030 1996 1458 2087 breviores,
1510 2024 1748 2101 quam
1797 1999 2128 2102 priores3
2181 1995 2580 2076 interdum
2621 1995 2831 2071 deest
2878 1995 3199 2071 omnino
3255 2022 3513 2074 versus
3559 2015 3905 2101 quartus.

723 2135 844 2209 De
892 2162 1050 2238 qua
1099 2161 1183 2211 re
1233 2136 1328 2211 lis
1377 2137 1654 2240 nequit
1698 2161 1850 2215 esse
1899 2136 2098 2228 ulla,
2149 2138 2212 2213 si
2261 2135 2755 2215 concinentia
2807 2134 3025 2211 finali
3075 2136 3413 2237 regulari
3470 2162 3727 2215 versus
3777 2134 3906 2213 de-

727 2275 1142 2352 finiuntur.
1243 2275 1601 2352 Dubium
1653 2294 1911 2353 tamen
1977 2294 2118 2360 est,
2171 2275 2310 2352 ubi
2377 2276 2826 2353 allitteratio
2886 2275 2985 2351 sit
3054 2252 3435 2379 quaedam
3501 2301 3904 2365 versuum,

723 2433 804 2493 at
834 2416 1052 2491 nulla
1081 2414 1278 2491 iusta
1322 2415 1829 2505 concinentia,
1882 2433 2153 2491 utrum
2187 2442 2347 2491 uno
2377 2434 2682 2491 tantum
2711 2438 2931 2488 versu
2964 2413 3459 2488 contineatur
3487 2410 3909 2491 dimidium

724 2553 1085 2657 strophae
1118 2553 1514 2659 posterius,
1557 2580 1660 2630 an
1711 2554 2020 2629 brevior
2070 2553 2242 2630 talis
2283 2578 2539 2630 versus
2589 2553 2673 2629 in
2726 2549 2918 2626 duos
2964 2550 3062 2626 sit
3104 2548 3704 2626 distribuendus.
3784 2550 3908 2627 Sic

727 2690 814 2766 in
867 2690 1145 2767 cantic.
1176 2717 1292 2765 ει.
1345 2687 1485 2766 ubi
1537 2690 1867 2767 mediam
1915 2690 2313 2796 stropham
2362 2706 2690 2794 occupat
2735 2693 2831 2783 33?
2876 2691 2995 2781 «πὶ,
3046 2713 3205 2791 quo
3258 2688 3574 2764 nomine
3608 2686 3900 2765 dicitur

726 2854 905 2937 pars
954 2831 1217 2929 clokae
1263 2847 1703 2909 constanter
1746 2857 1888 2939 per
1937 2849 2188 2909 totum
2235 2827 2560 2936 quodvis
2609 2824 3001 2902 canticum
3045 2825 3372 2932 repetita
3421 2844 3499 2903 et
3527 2827 3903 2932 posterius

724 2968 1085 3077 strophae
1152 2967 1573 3048 dimidium
1641 2971 1949 3077 explere
2015 2970 2256 3046 solita.
2371 2973 2718 3071 Augetur
2766 2964 3000 3039 etiam
3053 2962 3440 3039 dubitatio
3497 2991 3626 3052 eo,
3684 2967 3901 3070 quod

722 3105 1071 3184 canendo
1126 3107 1436 3213 repetiti
1488 3109 1717 3186 fuisse
1765 3108 2132 3186 dicantur
2181 3103 2602 3183 brevissimi
2654 3101 2738 3178 hi
2790 3126 3068 3177 versus.
3137 3103 3396 3201 Quam
3437 3126 3599 3179 rem
3626 3103 3906 3185 diserte

722 3245 1140 3323 edocemur
1187 3272 1232 3321 a
1281 3246 1688 3325 scholiasta
1737 3248 1829 3324 D.
1883 3246 1982 3324 ad
2032 3266 2234 3325 cant.
2271 3274 2380 3323 ια.
2442 3270 2625 3321 vers.
2659 3265 2720 3316 c.
2788 3234 2838 3327 ὲ
2885 3262 3002 3312 :nu
3042 3235 3092 3328 ὲ
3139 3236 3263 3339 ἷῗι
3328 3244 3535 3339 ι’-ἰ-Ἑῆεε
3575 3270 3602 3312 n
3706 3246 3909 3324 Con·

725 3386 994 3463 iuncta
1040 3387 1363 3464 omnino
1426 3407 1536 3466 est
1584 3388 1864 3465 horum
1919 3413 2278 3463 versuum
2327 3385 2681 3463 doctrina
2746 3408 2928 3459 cum
2993 3407 3078 3458 re
3141 3381 3516 3460 Indorum
3580 3387 3906 3482 musica,

724 3527 946 3602 cuius
994 3554 1243 3631 quum
1294 3527 1495 3604 iusta
1544 3554 1844 3605 caream
1894 3526 2352 3630 cognitione,
2402 3550 2545 3603 nec
2591 3551 2756 3602 rem
2806 3523 3190 3600 absolvere
3222 3549 3481 3601 meum
3509 3524 3627 3615 sit,
3676 3550 3909 3629 quae-

724 3662 992 3740 stionis
1071 3684 1375 3741 tantum
1456 3667 1832 3742 elementa
1905 3691 2227 3770 ponam,
2312 3664 2814 3771 peritioribus
2901 3688 3072 3739 eam
3153 3664 3365 3739 ultra
3452 3663 3909 3765 investigan-

727 3798 906 3875 dam
958 3801 1425 3904 relinquens-
1527 3804 1944 3879 Consulere
2003 3821 2263 3878 autem
2327 3802 2673 3890 debebit,
2739 3800 2881 3902 qui
2932 3798 3082 3873 hoc
3144 3797 3292 3873 sibi
3354 3818 3908 3902 argumentum

730 3937 1220 4016 tractandum
1269 3965 1570 4017 sumere
1613 3942 1834 4027 velit,
1885 3939 2143 4046 potius
2190 3939 2429 4016 libros
2477 3937 2574 4014 de
2624 3935 2887 4014 metris
2935 3934 3371 4012 Pracriticis
3418 3954 3495 4013 et
3544 3960 3627 4013 re
3675 3936 3908 4014 Indo-

727 4104 904 4153 rum
947 4080 1272 4165 musica‚
1327 4108 1567 4184 quam
1631 4081 1984 4156 metricos
2036 4097 2405 4156 tractatus
2453 4074 2964 4155 Sanscriticos.
3081 4073 3336 4149 Etiam
3407 4075 3724 4152 nomina
3790 4074 3909 4151 di·

726 4238 938 4289 versa
987 4235 1171 4292 sunt
1213 4236 1380 4293 tum
1430 4216 1969 4311 distichorum,
2031 4239 2199 4298 tum
2264 4218 2613 4324 partium
2672 4241 2942 4293 eorum
3002 4212 3216 4319 apud
3277 4214 3767 4291 Sanscriticos
3829 4231 3910 4290 et

728 4354 1184 4431 Pracriticos
1233 4360 1605 4436 metricos.
1707 4361 1841 4437 Rei
1891 4361 1965 4436 h.
2017 4361 2066 4435 l.
2130 4360 2604 4436 mentionem
2666 4355 2939 4449 inieci,
3009 4355 3198 4457 quia
3268 4353 3366 4429 ab
3409 4352 3531 4431 his
3590 4349 3907 4428 edoctus

728 4518 933 4585 sum,
984 4518 1159 4569 vere
1210 4494 1605 4572 interdum
1655 4497 2269 4576 constituendam
2323 4523 2475 4575 esse
2526 4497 3002 4603 tripartitam
3057 4493 3367 4573 distichi
3432 4490 3906 4570 divisionem.

734 4633 1036 4738 Operae
1087 4633 1429 4739 pretium
1475 4638 1624 4712 erit
1665 4627 1923 4716 brevia
1978 4637 2326 4744 proferre
2366 4655 2758 4743 excerpta:

835 4795 897 4846 c.
1000 4772 1120 4847 De
1166 4765 1520 4872 strophis.

936 4916 1031 4989 In
1080 4915 1386 5016 Sanglta
1433 4916 1835 5017 Narayana
1886 4915 2078 4991 haec
2121 4918 2529 5019 leguntur:
2582 4911 2863 5013 (mer)
2909 4931 3120 4980 aarum
3160 4905 3518 4980 amaram
3589 4907 3908 5009 εςιῑέωπ-

732 5048 1089 5147 uaga-affin
1130 5054 1483 5141 ῆτῐῆππιῑιι
1559 5075 1733 5150 3²²5&
1779 5052 2158 5126 numm
2204 5049 2450 5128 ἣπωτπε
2501 5079 2681 5152 ετξ-«ττι
2734 5048 3700 5150 gemursam-Plumea&
3741 5074 3902 5121 naza
