4935 5819
1860 492 2517 586 PaomeommA
2575 490 2697 588 V.
3737 524 3887 586 xxi

704 743 1045 833 sensilis,
1102 766 1341 849 quam
1389 738 1934 817 intellectualis
1985 738 2203 817 istius
2256 736 2652 830 desiderii,
2716 766 2876 844 quo
2945 740 3044 817 ad
3116 741 3559 818 divinarum
3626 768 3887 818 rerum

710 879 1413 988 cognoscendarum
1460 878 2194 984 contemplationem
2244 880 2558 984 rapitur
2604 904 2835 956 mens.
2940 883 3134 956 Nam
3186 881 3518 987 dispersa
3583 906 3721 987 per
3787 900 3896 956 to·

715 1040 883 1097 tum
934 1046 1203 1126 poema
1251 1034 1438 1097 sunt
1478 1017 1657 1095 satis
1706 1017 1978 1121 exigua
2029 1017 2424 1120 anagogici
2478 1043 2738 1094 sensus
2789 1018 3117 1122 vestigia.
3218 1020 3475 1117 Quam
3528 1018 3627 1094 ob
3683 1044 3897 1094 caus·

712 1187 872 1237 sam
938 1161 1170 1238 nimis
1228 1185 1501 1263 urgere
1568 1159 1789 1235 nolui
1853 1158 2158 1262 singula
2222 1175 2493 1264 poetae
2557 1158 2830 1253 verba,
2910 1177 2988 1235 et
3058 1158 3398 1234 incertus
3465 1157 3744 1234 haereo
3812 1160 3897 1234 in

724 1301 1160 1391 nonnullis,
1212 1319 1486 1376 utrum
1536 1299 1853 1404 mystice
1917 1296 2367 1404 accipienda
2421 1296 2617 1387 sint,
2671 1322 2935 1372 necne.
3031 1298 3388 1401 Exempli
3451 1297 3697 1398 gratia
3761 1326 3901 1374 no·

715 1410 1389 1544 mino'nunciam,
1442 1465 1643 1545 quae
1689 1441 1751 1516 si
1804 1459 2112 1547 praeter
2161 1438 2554 1546 poeticum
2616 1438 2771 1514 sive
2828 1437 3347 1514 dramaticum
3412 1462 3638 1515 usum
3703 1438 3906 1515 alius

717 1584 829 1659 rei
888 1546 1151 1660 baussa
1213 1581 1313 1659 sit
1370 1578 1751 1676 exhibita,
1816 1581 2390 1686 perceptionem
2454 1579 2573 1653 vel
2645 1579 3092 1654 memoriam
3159 1576 3589 1681 significare
3651 1574 3901 1655 debet.

719 1720 896 1799 Indi
942 1740 1360 1824 utramque
1409 1745 1574 1796 rem
1626 1717 1873 1795 eidem
1909 1720 2186 1797 mentis
2234 1718 2585 1796 facultati
2638 1719 3294 1809 matti-ibuunt.
3394 1716 3534 1794 Sed
3595 1716 3787 1794 haec
3827 1737 3907 1793 et

720 1857 872 1934 alia
923 1856 1398 1937 doctioribus
1442 1874 1584 1935 aut
1636 1858 1911 1935 talium
1964 1855 2590 1965 disquisitionum
2642 1859 3206 1949 amantior-ibus
3253 1853 3734 1935 enucleanda
3789 1881 3905 1932 re-

720 1996 1027 2101 linquo.

918 2143 1173 2217 Restat
1220 2141 1607 2245 quaestio,
1659 2140 1760 2218 ad
1808 2169 2233 2246 quamnam
2281 2145 2676 2250 religionis
2726 2143 3037 2222 Indicae
3083 2162 3363 2221 sectam
3397 2160 3475 2221 et
3504 2136 3603 2219 ad
3641 2167 3910 2246 quam·

726 2306 908 2357 nam
953 2278 1591 2387 philosophorum
1641 2282 1980 2358 scholam
2023 2283 2496 2387 pertinuerit
2533 2283 2975 2389 Jayadevas.
3074 2284 3334 2359 Prima
3380 2281 3750 2359 facillima
3801 2298 3913 2356 est

726 2417 1197 2510 diiudicatu3
1262 2447 1446 2527 nam
1513 2438 1818 2525 praeter
1882 2420 2266 2524 hymnum
2331 2424 2472 2525 qui
2534 2423 2762 2499 initio
2834 2423 3125 2527 positus
3198 2441 3308 2497 est
3381 2423 3467 2498 in
3531 2421 3915 2497 honorem

724 2557 1132 2649 Vishnuis,
1184 2556 1286 2633 ad
1336 2562 1621 2634 Harem
1669 2576 1750 2634 et
1795 2557 2161 2635 Laxmida
2214 2559 2368 2634 fine
2419 2560 2785 2635 carminis
2835 2560 3170 2635 recurrit
3217 2576 3441 2662 poeta
3495 2560 3689 2648 (xll-
3723 2556 3913 2657 27.);

731 2694 945 2775 unde
991 2696 1170 2773 satis
1215 2714 1575 2800 apparet,
1625 2721 1808 2773 eum
1850 2724 2013 2773 non
2059 2723 2213 2774 esse
2258 2723 2575 2790 eorum,
2623 2699 2763 2802 qui
2819 2697 3232 2774 Krishnam
3276 2715 3353 2772 et
3404 2696 3755 2773 Radham
3812 2695 3915 2771 ad

730 2832 1107 2913 Vishnuis
1152 2852 1233 2912 et
1276 2831 1681 2940 Laxmidos
1731 2832 2192 2938 dignitatem
2251 2839 2583 2917 evehant
2646 2863 2927 2943 eosque
2985 2836 3268 2916 summi
3336 2837 3682 2915 numinis
3747 2838 3916 2915 loco

730 2993 1051 3080 ponant.
1149 2974 1438 3052 Divina
1485 2975 1954 3052 tribuuntur
1976 2976 2378 3053 Govindae
2407 3004 2638 3083 opera
2670 3004 2812 3083 per
2836 2973 3451 3080 Gitagovindam,
3493 2975 3624 3051 sed
3665 2993 3917 3052 totum

727 3137 1024 3190 numen
1074 3140 1236 3190 non
1277 3131 1390 3190 est
1438 3137 1695 3218 neque
1746 3114 1819 3190 ei
1874 3131 2032 3191 tota
2083 3116 2433 3193 numinis
2472 3118 2815 3194 maiestas
2855 3116 3255 3191 tribuitur.
3326 3115 3618 3191 Errant
3653 3114 3917 3217 itaque

724 3250 866 3353 qui
917 3249 1017 3327 ad
1060 3250 1508 3330 adoratores
1546 3252 1781 3329 solius
1823 3253 2205 3331 Krishnae
2255 3273 2334 3331 et
2381 3253 2693 3329 Radhae
2748 3273 3052 3360 poetam
3119 3272 3470 3332 nostrum
3531 3254 3915 3348 referant,

723 3391 908 3469 licet
977 3419 1139 3469 non
1205 3391 1495 3469 infitias
1561 3416 1769 3478 eam,
1841 3417 2057 3469 eum·
2101 3392 2520 3499 praecipuo
2593 3392 2817 3468 cultu
2878 3391 3100 3468 hasce
3181 3390 3556 3469 Vishnuis
3633 3389 3916 3467 formas

722 3530 953 3610 fuisse
1005 3552 1585 3639 prosequutum.
1702 3534 1809 3611 Cf.
1858 3539 1920 3612 1.
1976 3562 2083 3612 ια.
2148 3561 2330 3613 cum
2394 3554 2663 3613 annot.
2723 3552 2802 3612 et
2859 3561 3058 3640 quae
3124 3565 3305 3614 mox
3368 3535 3464 3612 de
3532 3534 3675 3613 isto
3749 3536 3914 3611 loco

727 3674 1031 3753 addam.
1129 3676 1392 3753 Altera
1442 3674 1682 3778 magis
1731 3693 1844 3753 est
1894 3675 2290 3766 intricata,
2343 3694 2426 3753 at
2473 3673 2559 3749 id
2609 3673 2871 3752 statim
2933 3673 3430 3750 manifestum
3482 3691 3635 3761 est,
3684 3676 3913 3778 Jaya-

730 3809 1002 3890 devam
1066 3839 1231 3891 non
1303 3814 1690 3916 legitimae
1754 3812 2157 3890 cuiusdam
2221 3812 2556 3902 scholae,
2625 3836 2727 3887 ne
2790 3809 3264 3888 vedanticae
3327 3809 3678 3917 quidem,
3751 3811 3917 3917 pla·

728 3946 882 4024 cita
930 3972 1073 4052 per
1116 3946 1266 4025 hoc
1312 3974 1585 4055 poema
1636 3948 2060 4055 professum
2108 3973 2278 4026 esse·
2379 3952 2580 4027 Sunt
2620 3968 2880 4027 autem
2938 3950 3160 4027 mixti
3228 3952 3526 4056 generis
3579 3951 3919 4058 philoso-

729 4085 914 4192 phi,
958 4088 1466 4166 Pancharatri
1503 4089 1719 4185 dicti,
1765 4091 1929 4196 qui,
1978 4092 2100 4169 uti
2142 4117 2377 4199 supra
2428 4088 2841 4173 observavi,
2893 4086 3326 4166 doctrinam
3382 4107 3654 4167 tenent
3702 4113 3745 4163 e
3800 4112 3918 4165 re·

730 4226 1041 4330 ligionis
1104 4228 1644 4310 Vishnuiticae
1716 4230 2091 4335 dogmatis
2161 4249 2239 4308 et
2309 4227 2956 4336 philosophorum
3023 4229 3326 4334 placitis
3397 4230 3915 4305 commixtam.

730 4366 1037 4443 Horum
1084 4368 1367 4472 placita
1414 4370 1477 4447 si
1519 4369 1949 4474 Jayadevae
1997 4396 2162 4446 non
2209 4368 2463 4455 fuere,
2512 4395 2824 4476 prorsus
2871 4368 3154 4445 similia
3202 4386 3408 4445 certe
3443 4367 3607 4444 eius
3652 4367 3916 4443 animo

733 4504 1355 4585 obversabantur.
1445 4511 1589 4585 Res
1625 4529 1737 4587 est
1770 4509 1970 4587 mihi
2003 4508 2183 4586 satis
2219 4508 2382 4585 veri
2434 4507 2724 4597 similis,
2779 4507 3130 4610 quamvis
3169 4505 3381 4582 haud
3423 4506 3653 4582 nimis
3695 4529 3917 4581 aceu-

734 4662 899 4735 rate
943 4643 1505 4751 deJayadevae
1546 4647 2040 4756 philosophia
2086 4645 2588 4725 statuendum
2641 4671 2793 4723 esse
2840 4672 3035 4722 reor.
3135 4651 3305 4750 Ipsa
3356 4642 3918 4722 Pancharatro·

732 4810 916 4860 rum
968 4779 1325 4864 doctrina
1372 4786 1681 4863 brevius
1722 4789 2060 4894 exposita
2108 4806 2222 4865 est
2268 4814 2314 4863 a
2366 4784 2886 4863 Colebrookio.
2988 4785 3395 4859 Summum
3446 4807 3738 4858 numen
3770 4780 3925 4856 va-

733 4919 1131 5017 sudevam,
1180 4924 1335 5004 sive
1354 4926 1934 5028 Bhagavantam
1982 4926 2297 5020 dicunt3
2350 4929 2767 5006 Krishnam
2817 4923 3050 5001 etiam
3102 4925 3523 5030 appellant.
3620 4920 3962 5010 Colebr„

736 5059 791 5135 1.
842 5086 907 5174 ι)τ
959 5089 1038 5169 p.
1088 5060 1259 5165 576.
1359 5065 1898 5180 Mythologicis
1944 5067 2399 5148 nominibus
2447 5068 2732 5175 partim
2778 5066 2923 5144 sibi
2979 5065 3337 5173 propriis,
3381 5063 3669 5171 partim
3717 5087 3923 5140 com·
