4935 5819
1964 528 2481 618 Annorum
2533 523 2606 616 Ι.
2663 531 2804 617 26.
3871 537 3976 617 77

791 778 1095 883 Operae
1143 771 1488 882 pretium
1539 773 1692 853 erit
1736 771 2298 881 sesquipedalia
2347 772 2627 852 haecce
2677 772 3020 881 epitheta
3071 772 3519 877 singulatim
3590 798 3984 860 enarrare,

793 918 886 977 ut
929 899 1372 1005 exemplum
1419 914 1783 1002 ponatur,
1827 895 2219 1001 quomodo
2247 899 2332 975 in
2359 900 2467 976 eis
2501 899 2998 977 enucleandis
3023 900 3123 976 sit
3154 892 3635 975 vertendum.
3684 890 3989 993 πεπτικὴ-

796 1025 1051 1129 ipsum
1082 1020 1577 1129 Tatpurusha
1628 1039 1776 1098 est:
1824 1042 2040 1093 mm
2080 1015 2274 1120 utils,
2320 1039 2595 1099 ventus
2637 1050 2683 1099 a
2731 1040 2997 1100 monte
3030 1023 3333 1125 Malaya
3384 1020 3471 1095 in
3512 1016 3837 1095 meridie
3862 1026 3988 1097 In-

796 1144 971 1221 diae
1018 1146 1341 1251 spirans.
1435 1144 1837 1222 Definitur
1874 1146 2333 1252 Malayensis
2372 1163 2649 1224 ventus
2694 1146 2832 1237 eis,
2879 1171 3080 1249 quae
3110 1141 3609 1232 antecedunt,
3661 1142 3820 1248 ipse
3854 1168 3988 1219 au-

798 1290 952 1346 tem
1003 1296 1253 1375 quum
1296 1295 1475 1378 pars
1519 1270 1621 1348 sit
1666 1270 2305 1376 phaenomenon‚
2358 1272 2649 1376 quihus
2699 1296 3027 1346 vernum
3080 1287 3381 1375 tempus
3431 1264 3983 1369 distinguitur,

798 1410 1047 1470 totum
1100 1393 1397 1472 hemist.
1447 1395 1685 1472 unius
1736 1395 2139 1501 compositi
2205 1419 2422 1471 more
2486 1391 2589 1469 ad
2634 1385 2802 1463 απτὲι
2851 1391 3227 1467 refertur:
3284 1414 3521 1465 verno
3601 1402 3979 1490 tempore,

792 1541 954 1617 quo
996 1515 1453 1620 Malayensis
1500 1534 1775 1595 ventus
1826 1519 1997 1594 talis
2044 1534 2188 1607 εει,
2240 1516 2381 1620 qui
2431 1514 2608 1591 heic
2658 1513 3129 1620 depingitur.

1001 1638 1426 1745 Epitheton
1488 1640 1700 1717 venti
1762 1661 1874 1719 est
1934 1638 2397 1747 praecedens
2460 1641 2686 1712 affia-
2749 1636 2938 1710 ἑστι-επ
2993 1667 3005 1706 ι
3111 1635 3326 1740 quod
3388 1637 3451 1714 si
3512 1637 3618 1714 ad
3682 1626 3985 1729 mvii-f

798 1758 1173 1853 refertur,
1215 1763 1858 1867 Karmadhdraya
1918 1782 2066 1852 εει,
2115 1765 2177 1840 εἰ
2234 1782 2483 1840 totum
2533 1760 2635 1838 ad
2685 1754 2819 1838 ver
2875 1760 3236 1846 trahitur,
3277 1760 3726 1835 Bahuvrthi.
3776 1756 3985 1845 ιῇπτ,

796 1884 1073 1970 τηοΙΙίε,
1126 1885 1461 1991 explicat
1506 1885 1738 1963 schol.
1797 1913 1937 1994 per
1979 1886 2328 1985 πωπτῇζῑ,
2378 1887 2898 1964 suaveolentia
2945 1883 3334 1975 ἰιιειιηᾱιιε,
3388 1882 3599 1959 dulci
3635 1880 3984 1983 fragran-

798 2006 904 2082 tia
974 2007 1343 2085 imbutus.
1460 2012 1658 2085 Cum
1736 2010 1885 2087 hoc
1962 2029 2323 2088 construe
2393 2002 2954 2108 ειῇπσίῗῑῆεηῆπ,
3032 2026 3406 2111 tanquam
3468 2006 3978 2106 Tatpurusha,

792 2154 1020 2204 suave
1067 2131 1280 2210 olens
1329 2152 1654 2239 propter
1698 2135 1818 2210 vel
1870 2154 2036 2240 post
2086 2135 2611 2239 frequentatas
2658 2131 3176 2239 Garyophylli
3208 2130 3488 2208 vitices.
3538 2123 3827 2225 «Quium
3874 2145 3986 2204 est

791 2254 993 2331 actio
1042 2255 1649 2331 circumsiliendi
1700 2275 1778 2332 et
1821 2259 2320 2361 Tatpurusha
2370 2276 2482 2333 est
2530 2283 2711 2331 cum
2758 2277 2890 2326 ww
2932 2271 3483 2331 constructum.
3530 2247 3978 2348 musaeo

793 2393 925 2445 ππ
976 2399 1154 2450 cum
1205 2399 1458 2479 praec.
1505 2396 1668 2465 W
1713 2377 2224 2481 compositum
2275 2377 2474 2453 sistit
2518 2380 3007 2477 appositivum
3057 2376 3104 2450 i.
3155 2400 3215 2449 ε.
3274 2376 3427 2451 tale
3475 2374 3984 2453 determinati-

795 2522 991 2589 vum,
1043 2497 1258 2602 quod
1307 2495 2033 2576 determinationem
2081 2502 2446 2578 enuntiat
2510 2526 2652 2607 per
2706 2523 2992 2575 nomen
3060 2497 3551 2602 appositum,
3623 2525 3785 2575 non
3849 2525 3988 2605 per

800 2617 1301 2711 adiectivum,
1351 2640 1443 2699 ut
1486 2648 1596 2698 ex.
1644 2650 1756 2727 gr.
1803 2646 2119 2722 ειη-ππ,
2176 2623 2562 2702 Bhartrih.
2615 2627 2672 2700 1.
2730 2622 2849 2701 85.
2899 2623 3035 2698 ille
3091 2618 3503 2726 praedator
3559 2622 3698 2723 qui
3753 2624 3988 2727 Cupi-

804 2739 909 2818 do
958 2760 1100 2832 est,
1150 2769 1313 2821 non
1359 2745 1524 2822 vice
1570 2771 1813 2834 versa,
1879 2766 1959 2825 et
2006 2767 2353 2825 sexcenta
2407 2749 2582 2824 alia.
2681 2749 2908 2833 affin,
2977 2746 3283 2851 pulcer,
3350 2743 3989 2848 Karmadhdraya

803 2882 915 2945 εει
961 2893 1145 2945 cum
1190 2894 1346 2974 seq.
1387 2892 1566 2962 πη.
1667 2871 1987 2948 Favonii
2040 2890 2302 2949 autem
2351 2871 2524 2949 talis
2586 2868 3036 2975 descriptio,
3103 2891 3304 2970 quae
3373 2885 3747 2970 tanquam
3813 2895 3988 2974 pars

804 2992 1177 3071 inseritur
1219 2993 1718 3100 descriptioni
1750 2996 1945 3072 veris
1986 3012 2065 3073 et
2114 3021 2255 3101 per
2282 3020 2536 3071 unum
2579 2992 3091 3100 compositum
3124 2990 3566 3080 absolvitur,
3603 2988 3989 3066 efferenda

795 3130 908 3191 εει
951 3113 1037 3192 in
1086 3114 1260 3192 aliis
1308 3115 1599 3218 linguis
1647 3143 1791 3223 per
1835 3119 2299 3195 sententiam
2351 3118 2674 3208 iustam,
2720 3113 3065 3191 subiecto
3117 3132 3196 3190 et
3225 3111 3665 3218 praedicato
3702 3114 3988 3189 instru-

798 3253 1040 3327 ctam,
1094 3237 1482 3314 relationis
1522 3239 1738 3341 signo
1789 3237 2129 3344 quodam
2179 3240 2680 3316 coniunctam
2739 3264 2922 3314 cum
2971 3263 3062 3314 eo
3113 3239 3460 3330 nomine,
3527 3238 3656 3313 cui
3715 3235 3993 3314 descri-

799 3356 1061 3436 bendo
1129 3359 1470 3437 inservit.
1593 3362 1714 3437 De
1777 3361 2261 3467 simplicibus
2326 3358 2936 3437 determinativis
3013 3388 3228 3437 nunc
3299 3386 3462 3437 non
3531 3387 3712 3464 ago,
3784 3387 3990 3464 quae

794 3481 1031 3558 etiam
1079 3508 1262 3559 cum
1301 3483 1649 3559 subiecto
1698 3509 1839 3589 per
1897 3485 2311 3561 relativum
2359 3508 2703 3560 connexa
2763 3483 3084 3585 cogitari
3156 3501 3507 3591 possunt,
3572 3501 3665 3560 ut
3733 3508 3989 3589 saepe-

800 3623 1130 3676 numero
1175 3601 1476 3679 faciunt
1527 3604 2045 3707 grammatici,
2087 3630 2198 3681 ex.
2245 3632 2356 3707 gr.
2406 3632 2656 3709 quum
2702 3608 3024 3678 affirm
3064 3608 3457 3712 explicant
3499 3630 3641 3712 per
3672 3607 3889 3678 wffiw
3918 3627 3989 3676 tn

796 3741 928 3792 m
970 3743 1047 3793 επ
1100 3750 1114 3790 ι
1191 3750 1374 3799 nam
1416 3725 1608 3803 haec
1653 3728 1774 3801 vel
1828 3753 1966 3804 nos
2014 3729 2271 3832 primo
2322 3728 2629 3802 intuitu
2678 3728 2846 3802 sine
2895 3728 3061 3802 ullo
3111 3725 3563 3803 adiumento
3613 3745 3819 3803 recte
3870 3729 3989 3805 in-

799 3841 1143 3946 telligere
1187 3844 1538 3920 solemus.
1642 3848 2087 3922 Sermonem
2139 3863 2402 3922 autem
2452 3846 2775 3924 instituo
2822 3846 2917 3923 de
2964 3848 3106 3938 eis,
3179 3874 3380 3954 quae
3444 3852 3837 3956 complexa
3901 3879 3991 3928 ac

796 3963 1120 4068 quidem
1184 3966 1654 4075 multiplicia
1703 3986 1931 4060 sunt,
1996 3968 2084 4047 in
2142 3968 2433 4073 quibus
2496 3969 2708 4048 varia
2774 3971 3349 4080 compositionis
3414 3998 3691 4078 genera
3753 3975 3988 4053 simul

797 4107 1259 4169 cernuntur.

998 4216 1256 4292 Etiam
1304 4215 1589 4294 horum
1639 4219 1913 4297 relatio
1973 4218 2072 4297 ad
2124 4220 2523 4298 notionem
2589 4220 3104 4327 principalem
3176 4222 3503 4326 simplex
3568 4238 3678 4297 est
3742 4239 3821 4296 et
3884 4218 3986 4295 ad

800 4331 1216 4412 definitum
1251 4337 1644 4432 quoddam
1696 4343 2269 4449 compositionis
2317 4370 2556 4448 genus
2606 4347 2982 4452 pertinen
3026 4363 3106 4419 at
3148 4343 3359 4419 enim
3406 4366 3581 4419 vero
3620 4341 3829 4419 intra
3862 4341 3983 4418 sui

799 4458 1040 4563 ipsius
1087 4459 1276 4538 fines
1318 4464 1493 4567 plus
1543 4491 1705 4542 uno
1753 4468 2177 4574 composito
2226 4465 2676 4546 admittunt.
2780 4467 3210 4572 Composita
3252 4466 3475 4557 haec,
3523 4467 3867 4542 membra
3892 4485 3988 4543 ut

801 4579 913 4656 ita
957 4579 1212 4658 dicam
1260 4587 1571 4663 maioris
1631 4586 2035 4669 cuiusdam
2087 4592 2465 4697 corporis,
2539 4608 2743 4667 recte
2790 4588 2892 4666 ad
2950 4590 3213 4666 vivum
3281 4590 3498 4693 quasi
3576 4586 3985 4666 resecanda

798 4721 1029 4789 sunt,
1080 4725 1501 4814 antequam
1544 4709 1779 4787 totius
1820 4713 2200 4791 rationem
2257 4713 2456 4789 bene
2504 4713 2990 4791 intellexeris.
3092 4713 3213 4790 Sic
3263 4711 3607 4788 membra
3674 4737 3980 4817 compo-

797 4824 927 4904 siti
993 4831 1232 4906 nostri
1328 4831 1690 4911 habebis:
1766 4829 2570 4934 suffitum-famum,
2663 4834 2849 4910 dein
2927 4831 3154 4924 ἑστι-επ,
3238 4830 3580 4936 denique
3641 4828 3982 4928 matu-(3

799 4947 1327 5056 frequentatio
1377 4957 1827 5062 pulcrarum
1884 4959 2602 5065 Garyophyllorum
2669 4957 3032 5041 viticum‚
3099 4957 3573 5046 suaveolens,
3639 4956 3987 5058 Malayae

800 5093 1090 5155 ventus.
1192 5080 1391 5158 Sunt
1441 5098 1535 5159 ut
1583 5079 1791 5160 vides
1842 5100 2000 5161 tam
2041 5082 2390 5189 singulae
2438 5108 2689 5175 voces,
2738 5107 2976 5185 quam
3025 5080 3499 5188 complexam
3548 5077 3693 5155 hae
3741 5078 3990 5154 conti-
