4935 5819
1804 439 2460 562 PnoutGom-:NA
2525 438 2696 530 ΙΙΙ.
3732 475 3844 534 vn

663 688 861 773 baec,
924 687 1024 763 ab
1089 680 1359 762 eadem'
1429 709 1793 791 persona,
1852 710 2057 788 quae
2122 713 2301 764 mox
2373 687 2794 773 cecinerat,
2865 688 3180 766 recitata
3241 687 3471 767 fuisse
3539 687 3841 767 debent.

665 824 1218 903 Introductorii
1263 849 1549 915 versus,
1601 823 1890 927 quibus
1938 843 2162 931 poeta
2206 824 2366 932 ipse
2414 827 2795 932 loquitur,
2846 857 3021 906 raro
3058 829 3292 907 unius
3320 828 3626 909 distichi
3662 831 3850 908 fines

664 964 1188 1068 egrediuntur.

864 1107 1071 1181 Hine
1116 1122 1472 1211 apparet,
1526 1131 1685 1209 quo
1736 1104 1972 1213 possit
2036 1105 2204 1181 iure
2267 1131 2572 1182 carmen
2645 1122 2996 1182 nostrum
3058 1104 3213 1185 dici
3292 1105 3844 1200 dramaticum3

668 1248 764 1324 ad
824 1246 1337 1323 dramaticum
1405 1269 1643 1348 genus
1711 1246 2046 1351 pertinet
2112 1245 2375 1322 fabula
2448 1245 2532 1320 in
2597 1271 2816 1321 scena
2888 1269 3029 1349 per
3093 1242 3422 1323 diversas
3488 1272 3849 1352 personas

669 1384 1054 1472 exhibita,
1119 1410 1259 1489 per
1321 1384 1915 1467 alternationem
1959 1411 2403 1461 sermonum
2449 1383 2870 1461 decurrens
2927 1386 3168 1482 actio,
3238 1386 3579 1475 cantica,
3650 1412 3851 1490 quae

668 1553 710 1601 e
758 1550 894 1602 sua
938 1542 1191 1632 parte,
1260 1551 1422 1602 non
1474 1543 1784 1629 poetae,
1848 1525 2263 1630 proferunt
2332 1550 2702 1630 personae
2767 1526 3117 1616 fabulae3
3180 1553 3224 1602 a
3297 1552 3522 1603 scena
3589 1545 3846 1603 autem

668 1665 917 1742 aliena
977 1683 1089 1743 est
1135 1665 1483 1742 absentia
1525 1663 1846 1767 dialogi,
1898 1691 2040 1741 nec
2090 1692 2248 1742 non
2300 1691 2621 1770 persona
2675 1684 2979 1769 poetae,
3030 1666 3184 1742 suis
3232 1666 3482 1742 verbis
3528 1666 3853 1743 actionis

665 1805 863 1881 vices
910 1804 1367 1881 enarrantis.
1483 1805 1706 1903 Quae
1772 1828 2076 1910 poeseos
2140 1830 2231 1878 ex
2297 1804 2541 1907 lyrico
2604 1822 2682 1880 et
2742 1803 3165 1881 dramatico
3232 1830 3509 1907 genere
3570 1805 3853 1882 mixtae

668 1943 965 2032 forma,
1016 1959 1110 2019 ut
1149 1940 1403 2019 obiter
1448 1941 1600 2019 hoc
1648 1968 2047 2027 moneam,
2094 1969 2181 2017 ea
2231 1969 2381 2019 esse
2431 1943 2780 2033 videtur,
2826 1969 2919 2018 ex
2968 1970 3122 2047 qua
3170 1943 3543 2046 originem
3609 1962 3854 2019 traxe·

668 2083 774 2159 rit
813 2107 1035 2159 scena
1080 2081 1483 2158 Indorum.
1585 2079 1674 2159 Id
1723 2100 2023 2159 certum
2072 2100 2200 2172 est,
2255 2110 2435 2159 cum
2479 2087 2701 2162 cultu
2725 2085 3099 2162 Vishnuis
3151 2085 3478 2163 maxime
3526 2082 3855 2160 coniun-

668 2242 787 2300 cta
839 2246 992 2298 esse
1032 2219 1289 2299 Indici
1340 2221 1706 2297 dramatis
1758 2221 2006 2297 initia.
2110 2226 2217 2297 Ac
2266 2250 2506 2327 genus
2553 2225 2872 2330 quidem
2921 2251 3262 2331 poeseos,
3326 2251 3507 2300 cum
3557 2222 3856 2299 choreis

666 2380 744 2437 et
795 2361 1080 2460 musica
1142 2363 1691 2450 coniunctum,
1747 2357 1848 2435 ad
1911 2361 2326 2437 Krisbnam
2394 2364 2712 2465 eiusque
2779 2392 3074 2440 amores
3142 2364 3422 2440 diserte
3499 2363 3855 2439 refertur.

663 2495 861 2585 effla,
913 2520 1424 2588 concentum,
1476 2498 1754 2574 dicunt
1803 2497 1976 2574 Indi
2028 2525 2365 2603 poeseos,
2417 2499 2844 2574 saltationis
2894 2519 2972 2574 et
3006 2501 3325 2576 musices
3366 2501 3852 2576 coniunctio-

672 2664 893 2714 nem:
945 2632 1065 2707 ιῆἐ
1107 2635 1232 2707 me
1272 2656 1332 2707 ἐτ
1375 2640 1488 2730 qa?
1529 2657 1588 2709 ετ
1631 2640 1719 2709 πά
1763 2632 2134 2734 affingant
2204 2662 2459 2714 versus
2514 2654 2622 2712 est
2683 2635 2912 2714 initio
2965 2637 3439 2732 Ciromanis,
3504 2637 3688 2712 libri
3758 2635 3853 2713 de

672 2804 756 2855 re
803 2778 1126 2870 musica,
1174 2778 1468 2884 positus
1586 2776 2000 2854 Krishnam
2059 2805 2238 2853 cum
2292 2775 2573 2882 puellis
2633 2775 2788 2852 suis
2849 2777 3148 2852 cantica
3218 2776 3564 2882 primum
3634 2776 3855 2853 insti-

675 2917 941 3014 tuisse,
993 2917 1254 2996 asserit
1303 2920 1617 3019 Sangtta
1664 2917 2150 3016 Nar-ayanae
2187 2915 2263 3012 ³5³)
2309 2913 2705 2992 conditor:
2769 2908 3428 3014 fflfflffiffiwwhee
3471 2912 3843 3013 Ψκίῆεῆι

656 3061 837 3159 Quo
871 3060 978 3151 fit,
1001 3077 1094 3136 ut
1112 3084 1558 3166 persuasum
1586 3058 1779 3134 mihi
1809 3058 1927 3148 sit,
1949 3056 2482 3161 Gitagovinda,
2514 3081 2744 3160 opere
2774 3055 2986 3132 haud
3015 3058 3120 3134 ita
3151 3075 3468 3148 vetusto,
3497 3057 3845 3134 exhiberi

655 3197 879 3276 nobis
925 3199 1365 3305 exemplum
1414 3196 1746 3301 generis,
1796 3196 2011 3303 apud
2062 3195 2289 3274 Indos
2329 3197 2863 3289 vetustissimi3
2917 3223 3062 3274 nec
3113 3224 3421 3305 prorsus
3468 3198 3849 3275 absonum

657 3356 878 3428 esset,
943 3365 1128 3415 cum
1196 3338 1457 3442 lyricis
1518 3337 1721 3414 hisce
1771 3336 2149 3416 Indorum
2217 3338 2518 3416 choreis
2566 3361 3053 3446 comparare,
3120 3339 3409 3443 quibus
3472 3339 3593 3417 usi
3661 3358 3847 3418 sunt

658 3477 957 3568 Graeci,
1005 3476 1279 3554 choros
1333 3475 1958 3581 dithyrambicos.

855 3620 1071 3700 Nam.
1100 3619 1333 3697 etiam
1383 3617 1588 3694 festis
1638 3615 1911 3696 diebus
1973 3617 2162 3694 haec
2224 3614 2704 3726 docebantur
2765 3635 2845 3695 et
2909 3615 3289 3694 docentur
3354 3616 3566 3723 apud
3617 3617 3850 3695 Indos

660 3757 976 3835 cantica.
1078 3755 1293 3831 Rdsa
1339 3782 1619 3832 nomen
1673 3774 1784 3832 est
1839 3758 2282 3833 solennitati
2354 3758 2438 3831 in
2508 3756 2881 3832 honorem
2933 3756 3312 3831 Krishnae
3377 3755 3844 3848 celebratae,

662 3899 786 3974 cui
855 3893 1412 4001 Gitagovindae
1486 3894 1830 3970 carmina
1897 3892 2243 3971 dedicata
2312 3893 2550 3971 fuere.
2651 3891 2834 3971 vid.
2905 3892 3075 3971 dist.
3127 3898 3188 3971 Ι.
3255 3900 3375 3992 48.
3479 3896 3595 3971 De
3655 3899 3844 3974 Rasa

663 4033 1043 4141 quaedam
1092 4035 1328 4113 disces
1379 4062 1470 4110 ex
1519 4035 1663 4127 eis,
1735 4061 1936 4138 quae
1985 4034 2321 4142 protulit
2368 4033 2520 4110 Vir
2576 4032 2758 4108 clar.
2806 4035 3070 4110 Wuso
3134 4034 3219 4110 in
3284 4033 3464 4113 dict·
3512 4062 3570 4113 s.
3632 4064 3698 4112 v.
3769 4055 3849 4114 et

663 4182 811 4252 Ass.
863 4177 1055 4252 Ress.
1105 4178 1327 4262 XVI,
1370 4202 1491 4276 92.
1591 4176 2089 4253 Accuratiora
2142 4173 2225 4250 in
2280 4193 2579 4279 praesto
2630 4172 2827 4250 mihi
2881 4202 3038 4251 non
3081 4192 3286 4252 sunt.
3641 4255 3650 4262 ‚

858 4309 1358 4390 Canticorum
1407 4338 1497 4390 ea
1553 4332 1664 4391 est
1725 4338 2030 4400 norma,
2097 4314 2555 4406 utoctonis
2626 4331 2977 4394 constent
3050 4312 3434 4405 distichis,
3504 4340 3847 4419 quorum

667 4452 1035 4534 ultimum
1088 4452 1173 4528 in
1225 4450 1463 4558 ipsius
1509 4471 1778 4558 poetae
1828 4450 2140 4529 laudem
2190 4449 2598 4534 conditum
2641 4453 2778 4549 sit3
2821 4451 3148 4532 unicum
3199 4470 3348 4545 est,
3399 4450 3611 4558 quod
3685 4478 3844 4528 nu·

668 4621 969 4675 merum
1032 4593 1527 4700 quintarium
1596 4620 1755 4670 non
1819 4610 2134 4699 superat
2205 4591 2360 4688 (V,
2414 4595 2590 4669 2-6.
2640 4592 2740 4668 cf.
2807 4592 3044 4669 schol.
3114 4589 3214 4668 ad
3278 4588 3510 4685 loe),
3579 4588 3846 4682 aliud,

664 4733 881 4842 quod
931 4752 1253 4842 propter
1302 4752 1848 4837 argumentum
1897 4734 2202 4839 explere
2255 4732 2530 4810 debuit
2576 4729 3102 4809 undenarium
3151 4727 3242 4826 (1,
3295 4726 3585 4828 5-15.).

667 4911 769 4921 -—.
787 4911 846 4921 0--
859 4909 946 4918 -0-0—
969 4909 1059 4918 -0---
1076 4907 1158 4916 ..Ἀ

790 5015 840 5085 *)
878 5007 1167 5092 Uterque
1201 5008 1365 5071 liber
1404 5008 1468 5068 in
1505 5005 1656 5072 bibl.
1696 5013 1952 5068 mercat.
1998 5005 2187 5070 Imlic.
2239 4977 2605 5072 asservatur.
