4935 5819
998 508 1165 593 ¹08
2211 492 2447 587 (ἰὴ-Α
2505 490 2915 586 Govmm

1190 746 1264 821 6.
1365 740 2015 820 Correlativarum
2065 758 2326 816 autem
2373 737 3020 815 enunciationum
3070 735 3342 814 relatio
3394 737 3606 814 varia
3670 760 3824 814 esse
3890 755 4174 844 potest3

991 883 1133 944 aut
1178 864 1635 970 simpliciter
1686 862 2307 954 determinativa,
2360 880 2499 939 aut
2542 859 3046 938 consecutiva.
3124 860 3771 963 Consequentiam
3816 862 3877 937 si
3926 862 4179 965 ponis,

995 1012 1082 1065 ea
1133 1005 1274 1063 aut
1319 1013 1365 1062 a
1416 1003 1758 1091 tempore
1812 984 2142 1089 pendet,
2189 1004 2327 1061 aut
2376 986 2605 1061 insita
2656 1002 2769 1060 est
2833 983 2919 1058 in
2967 983 3122 1060 alio
3168 983 3511 1087 quodam
3577 1008 3781 1060 nexu
3829 983 4176 1058 caussali.

994 1111 1459 1215 Exemplum
1506 1106 1718 1212 quod
1772 1108 1991 1213 posui
2021 1105 2528 1212 Hitopadesae
2566 1104 3199 1182 determinativae
3234 1124 3345 1182 est
3379 1107 3926 1193 correlationis,
3966 1104 4181 1208 quod

995 1232 1309 1325 videbis,
1356 1232 1420 1309 si
1465 1234 1551 1308 in
1582 1258 1823 1308 unam
1861 1232 2322 1308 sententiam
2355 1230 2496 1306 ista
2532 1228 2763 1304 verba
2810 1228 3309 1304 contraxeris:
3363 1231 3842 1326 πιππέῗτσιπςέ
3886 1232 4182 1301 ειτίἒιτ-ητιῗ

996 1362 1158 1452 fumi
1203 1382 1253 1431 :t
1297 1359 1607 1429 enatet·
1684 1356 1954 1431 casum
2006 1356 2269 1458 itaque
2320 1350 2587 1429 induit
2639 1354 2955 1428 relativa
3019 1354 3443 1433 sententia,
3509 1352 3594 1428 in
3658 1380 3909 1430 unum
3975 1380 4180 1430 com-

997 1482 1311 1584 plexum
1365 1497 1703 1563 mutata,
1755 1505 1968 1568 eum,
2020 1479 2160 1581 qui
2209 1504 2253 1552 a
2314 1477 2733 1582 principali
2784 1478 3342 1553 enunciatione
3409 1480 3865 1583 postulatur.
3965 1476 4181 1554 Idem

996 1606 1198 1681 valet
1250 1601 1343 1678 de
1393 1602 1838 1678 conditione
1887 1601 2225 1677 caussali.
2343 1602 2419 1676 Si
2471 1604 2910 1706 exemplum
2961 1628 3005 1677 e
3060 1602 3424 1678 Rameide
3486 1629 3719 1710 supra
3788 1604 4181 1708 prolatum

998 1730 1085 1804 in
1133 1754 1377 1804 unam
1426 1726 1924 1831 compositam
1984 1724 2340 1828 quidem,
2400 1723 2529 1801 sed
2600 1724 2813 1800 Indis
2879 1726 3204 1801 minime
3267 1725 3716 1801 inusitatam
3785 1725 4183 1800 notionem

996 1847 1455 1935 mutaberis,
1491 1847 1748 1922 dicere
1774 1845 2115 1922 debebis:
2141 1837 2606 1941 ὲὲτῇῑιῑηιΠ-ἓῐ,
2635 1848 2680 1921 i.
2702 1872 2765 1923 e.
2796 1848 3039 1952 posito
3065 1847 3247 1936 hoc,
3271 1846 3628 1923 Ceceidos
3652 1872 3802 1923 esse
3833 1871 4180 1948 regnum.

995 1971 1396 2046 Locativus
1444 1971 1654 2045 enim
1706 1969 2294 2073 consequentiae
2344 1971 2429 2045 in
2494 1969 2629 2046 tali
2703 1970 3067 2045 iunctura
3131 1970 3231 2043 ab
3298 1967 3514 2045 Indis
3573 1988 4040 2075 usurpatur,
4106 1985 4184 2042 et

995 2090 1355 2183 adderet,
1401 2110 1493 2167 ut
1544 2092 1767 2167 istam
1816 2092 2446 2167 enunciationem
2501 2109 2939 2185 enarraret,
2993 2091 3374 2195 interpres
3421 2090 3784 2192 indigena
3844 2091 3979 2161 effi.

1201 2243 1269 2313 7.
1370 2214 1590 2310 Quae
1649 2239 1899 2315 quum
1957 2212 2064 2287 ita
2131 2211 2324 2300 sint,
2393 2212 2770 2301 conficio,
2841 2214 3309 2317 particulam
3371 2215 3483 2296 aff:
3552 2236 3703 2288 esse
3768 2210 4184 2286 locativum

997 2337 1312 2412 voculae
1352 2355 1473 2433 τιζ,
1520 2361 1680 2411 non
1734 2333 2217 2439 pronominis
2265 2333 2598 2424 relativi,
2651 2332 2781 2409 sed
2818 2335 3395 2412 coniunctionis
3427 2358 3536 2435 αἶ,
3588 2361 3788 2439 quae
3825 2336 4185 2411 relationi

1002 2456 1237 2532 totius
1284 2458 1852 2531 enunciationis
1898 2455 1998 2531 ad
2047 2457 2281 2530 aliam
2327 2454 2789 2531 indicandae
2832 2458 3143 2534 inservit
3179 2457 3272 2553 (S.
3310 2455 3454 2552 533
3506 2479 3584 2535 et
3613 2460 3936 2534 locativo
3967 2458 4186 2561 quasi

1001 2579 1279 2685 positas
1327 2604 1476 2654 esse
1519 2580 1604 2653 in
1654 2580 1922 2681 lingua
1956 2581 2338 2656 Sanscrita
2369 2580 2972 2670 enunciationes,
3024 2607 3226 2684 quae
3269 2580 3796 2658 conditionem
3828 2582 3938 2665 a&
3969 2605 4186 2685 prae·

1001 2703 1304 2779 missam
1350 2701 1499 2776 sibi
1553 2702 1906 2777 babeant.
1963 2703 2241 2778 Affines
2289 2720 2551 2778 autem
2594 2730 2842 2807 quum
2886 2704 3048 2781 sint
3088 2705 3445 2780 relativae
3477 2706 3900 2782 sententiae
3931 2703 4178 2780 deter-

1000 2827 1418 2903 minativae
1465 2845 1543 2902 et
1587 2826 2139 2917 consecutivae,
2194 2842 2621 2930 utrumque
2670 2851 2909 2930 genus
2959 2826 3178 2930 iungi
3230 2845 3511 2933 potest,
3557 2828 3677 2904 uti
3721 2830 3932 2905 Man.
3968 2827 4177 2916 VIII,

1003 2955 1171 3028 388.
1219 2944 2040 3040 πῶέαῑεαῇπιῑτῆπτῑά
2094 2943 3481 3050 πὲεἳῇταέιπῆζιωὲῑᾱέπζὲῑῆτῆἑηῑ
3534 2956 3823 3027 meantia

1198 3078 1268 3150 8.
1376 3078 1540 3149 Hoc
1590 3091 1850 3149 autem
1898 3076 1958 3148 si
2011 3073 2278 3163 datur,
2325 3100 2484 3150 non
2537 3070 2834 3148 videam
2881 3074 3304 3160 rationem,
3354 3098 3501 3148 cur
3542 3074 3803 3151 minus
3849 3072 3947 3150 de
3996 3099 4177 3151 con·

1000 3195 1403 3270 iunctione
1451 3217 1563 3277 σεξτ
1623 3197 1856 3297 possit
1909 3198 2184 3283 statui,
2255 3221 2424 3270 eam
2484 3220 2636 3271 esse
2703 3196 3372 3272 instrumentalem
3435 3195 3777 3273 eiusdem
3848 3201 4182 3273 voculae.

1002 3316 1124 3390 De
1176 3333 1519 3422 tempore
1569 3318 1780 3391 enim
1832 3318 2085 3421 elapso
2136 3335 2275 3393 aut
2321 3318 2676 3421 elapsuro
2725 3335 2864 3391 aut
2895 3342 3036 3420 per
3070 3319 3293 3394 cuius
3329 3320 3843 3396 evolutionem
3881 3317 4189 3421 aliquid

1004 3440 1111 3528 fit,
1145 3439 1811 3515 instrumentalem
1836 3440 2284 3515 Sanscritice
2316 3440 2528 3546 poni,
2548 3440 2723 3541 quis
2749 3440 3011 3515 nescit.
3062 3439 3229 3516 Scio
3261 3441 3623 3543 equidem
3649 3462 3722 3526 ‘etr
3744 3440 4068 3546 posthac
4099 3440 4189 3515 in

1003 3561 1208 3634 affixi
1257 3578 1616 3635 naturam
1664 3559 1934 3636 abiisse
1982 3580 2060 3636 et
2100 3562 2355 3662 suffigi
2398 3562 3071 3665 pronominalibus
3107 3562 3442 3648 vocibus,
3492 3591 3828 3665 quarum
3872 3563 4190 3639 nullum

1005 3701 1115 3758 est
1161 3701 1527 3759 neutrum
1583 3683 1666 3758 in
1714 3706 1802 3781 ζ,
1850 3700 1945 3758 ut
1991 3678 2246 3773 fiam,
2277 3678 2482 3775 zuzim,-
2533 3703 2616 3762 at
2656 3686 2868 3761 enim
2917 3710 3098 3762 vero
3163 3682 3261 3759 de
3325 3685 3632 3787 origine
3691 3684 3869 3761 heic
3908 3687 4191 3788 loquor

1004 3822 1082 3879 et
1131 3832 1291 3880 non
1341 3806 1436 3881 de
1483 3807 1899 3882 serioribus
1948 3806 2259 3909 linguae
2309 3805 2929 3884 formationibus.
3041 3807 3381 3911 Vestigia
3443 3808 3909 3913 antiquioris
3970 3832 4183 3898 usuS,

1002 3948 1090 4025 tre<
1139 3953 1283 4032 pro
1330 3932 1443 4014 πῆ
1483 3948 1692 4014 etun
1728 3930 2177 4033 usurpandi,
2212 3932 2294 4008 in
2322 3931 2559 4007 Vedis
2606 3932 2870 4008 nullus
2907 3931 3207 4022 dubito,
3257 3934 3457 4035 quin
3498 3932 3887 4009 inventuri
3924 3931 4181 4018 simus,

1004 4077 1253 4154 quum
1306 4052 1651 4155 primum
1700 4077 1822 4128 eos
1865 4056 2157 4128 RosENn
2206 4056 2444 4129 nostri
2501 4053 2884 4129 industria
2933 4055 3017 4129 in
3069 4055 3327 4130 lucem
3390 4057 3734 4159 prolatos
3796 4071 4187 4130 nocturno

1002 4191 1237 4276 atque
1269 4172 1556 4250 diurno
1589 4172 1844 4250 studio
1880 4193 2125 4250 terere
2176 4176 2395 4252 nobis
2441 4175 2681 4251 fuerit
2732 4200 3190 4251 concessum.
3262 4179 3483 4252 Unus
3515 4196 3625 4253 est
3669 4178 3754 4253 in
3793 4175 4005 4251 brevi
4029 4199 4190 4277 quo

1004 4300 1122 4373 uti
1154 4324 1550 4402 possumus
1576 4298 1993 4402 specimine
2022 4299 2234 4376 locus
2257 4330 2332 4407 p.
2369 4328 2484 4377 10:
2512 4290 3315 4400 αζὲηῑῐῆῆῆῆῑεξπυτιῆετ
3359 4302 3512 4371 *serta
3539 4294 3733 4374 &ruffi
3777 4293 3984 4394 ωτι-πθ
4031 4317 4182 4368 πεπυ

1007 4438 1297 4521 ”quum
1344 4419 1840 4523 semetipsum
1884 4419 2409 4525 undecunque
2438 4424 2584 4498 sub
2618 4422 2817 4510 divo,
2866 4422 3086 4500 faber
3115 4423 3377 4515 veluti,
3414 4422 3655 4500 adflat
3686 4422 3962 4527 (ignis),
4006 4446 4190 4496 can—

1006 4538 1242 4619 descit
1296 4562 1667 4646 tanquam
1720 4570 1976 4618 coram
2027 4545 2310 4621 fabra«
2416 4546 2569 4620 Ubi
2616 4568 2705 4644 σζ
2755 4574 2898 4651 pro
2945 4566 3228 4633 west.

1203 4690 1277 4762 9.
1377 4671 1701 4744 Interest
1744 4666 1987 4769 igitur
2027 4667 2246 4743 inter·
2288 4669 2707 4774 particulas
2752 4688 3001 4754 unet·
3037 4673 3181 4760 πῐέξ,
3239 4687 3333 4748 ut
3380 4671 3515 4748 illa
3569 4686 3952 4774 ponatur,
4018 4666 4080 4743 si
4142 4692 4192 4741 a

1011 4803 1352 4889 tempore
1403 4787 1734 4890 pendeat
1783 4789 2107 4866 actionis
2159 4790 2544 4876 conditio,
2598 4792 2826 4884 haec,
2869 4794 2933 4870 si
2985 4812 3124 4870 aut
3173 4795 3396 4871 nulla
3457 4794 3838 4869 habeatur
3904 4810 4197 4893 tempo.-

1004 4909 1112 4986 ris
1162 4908 1394 4997 ratio,
1448 4930 1587 4987 aut
1637 4915 1788 4989 alia
1840 4912 2152 4992 accedat
2198 4915 2599 4992 actionum
2650 4916 2980 4994 invicem
3029 4943 3075 4994 a
3132 4943 3211 4995 se
3260 4915 3774 5023 pendentium
3827 4910 4197 4990 conditio.

1004 5030 1376 5137 Exempla
1425 5031 1901 5112 considerate
1954 5035 2172 5115 haec:
2217 5038 2426 5115 Man.
2471 5038 2645 5130 VII,
2684 5045 2843 5141 ¹74·
2892 5059 3004 5126 π]
3048 5046 3343 5136 ‹ri-afflat
3385 5061 3437 5138 ᾗ
3479 5030 3797 5109 manath
3841 5026 4027 5122 aaa·
4078 5049 4199 5115 *m
