4935 5819
1774 498 2292 590 ANNo'rA'no
2350 497 2519 589 XI.
2584 509 2896 592 7-20,
3767 515 3924 596 101

757 752 1014 828 laevae
1062 771 1440 826 mammae
1484 745 1904 851 agitatione
1957 745 2290 825 indicari
2338 749 2843 842 credebatur,
2898 749 3182 856 puellis
3243 774 3427 828 cum
3485 751 3758 829 amatis
3825 752 3941 829 in-

756 892 956 952 stare
1004 898 1509 978 congressum.
1612 873 1821 949 Hinc
1868 873 2167 978 explica
2207 876 2399 970 1533.
2455 912 2548 929 —-
2641 874 2707 950 h.
2762 881 3309 980 Interpretare:
3359 895 3606 970 W·

958 998 1157 1075 Dist.
1201 1025 1268 1097 7.
1320 994 1386 1072 b.
1485 994 1767 1072 Scholl.
1818 999 2199 1095 πτῖεᾶὲἢτπ
2245 1014 2560 1101 ponunt
2608 1021 2850 1102 genus
2916 1014 3509 1104 tympanorum,
3575 994 3792 1100 quod
3856 996 3943 1072 in

757 1123 1073 1228 proeliis
1122 1119 1668 1226 usurpabatur.
3671 1140 3680 1147 ·

956 1246 1151 1323 Dist.
1194 1250 1266 1322 8.
1311 1243 1382 1319 h.
1480 1242 1602 1318 Ad
1642 1241 1901 1317 ειπῆωπ
1939 1243 2140 1321 bene
2178 1247 2493 1352 supplet
2521 1246 2607 1319 A.
2656 1264 2871 1339 runa·
2924 1261 3003 1319 et
3028 1243 3341 1318 ῆ-ιῆπῆπο
3381 1243 3945 1347 interpretatur

754 1364 1000 1441 mett
1038 1364 1196 1445 affl.
1298 1371 1416 1439 ί-ἶπτ
1458 1368 1713 1456 enim,
1755 1366 1870 1446 ⁴ut
1928 1393 2043 1461 zer,
2117 1387 2287 1446 tuus
2323 1370 2567 1457 valet,
2626 1368 2688 1446 si
2741 1368 3077 1445 refertur
3124 1364 3224 1442 ad
3269 1365 3705 1443 subiectum
3758 1362 3947 1439 adae

758 1516 1142 1598 personae.
1203 1491 1469 1568 Minus
1518 1490 1715 1568 bene
1738 1492 1836 1567 D.
1865 1494 2149 1600 accipit
2189 1495 2418 1568 ffiarrffi
2454 1520 2601 1599 pro
2647 1514 2794 1568 m.
2859 1491 3348 1568 Coniunxere
3385 1511 3682 1594 operae,
3732 1483 3948 1589 quod

754 1613 1157 1716 seiungere
1211 1612 1423 1705 iussi,
1472 1635 1589 1687 w
1629 1632 1707 1691 et
1744 1640 1950 1719 seqq.

954 1735 1145 1809 Dist.
1194 1759 1265 1832 9.
1318 1761 1388 1809 α.
1486 1756 1630 1832 m,
1681 1761 1885 1838 quae
1931 1753 2042 1811 est
2088 1737 2473 1842 scriptura
2544 1739 2626 1815 in
2694 1735 2959 1813 scholl.
3008 1738 3093 1811 A.
3149 1736 3226 1810 C.
3296 1732 3720 1839 explicata,
3784 1757 3948 1807 non
4010 1834 4017 1841 ·

763 1875 1073 1935 tantum
1120 1875 1232 1933 est
1273 1855 1647 1934 mendum
1698 1860 2193 1963 Bengalicum
2245 1886 2388 1965 pro
2430 1882 2589 1951 ειπτ,
2659 1856 2876 1962 quod
2938 1881 3079 1963 per
3138 1851 3326 1957 5,ῑῇ
3387 1858 3952 1961 interpretatur

756 1980 856 2053 D:
904 1978 1036 2055 sed
1078 2003 1255 2054 vera
1304 1979 1669 2065 varietas,
1732 1999 1827 2058 ut
1894 1981 2278 2086 probatur
2347 1983 2581 2084 glossa
2646 1977 2845 2079 ἵει-αθ.
2961 1982 3248 2058 Omnes
3310 1981 3575 2083 itaque
3626 1980 3952 2081 puellam

758 2101 832 2176 h·
882 2102 931 2175 l·
982 2119 1325 2205 ponunt:
1370 2105 1625 2187 πήέιῆτ
1668 2091 2143 2200 &affieri-qim
2194 2104 2337 2201 (vel
2368 2099 2638 2204 ζῇτξειτ)
2685 2126 2831 2176 enm
2875 2130 2930 2180 s.
2975 2125 3114 2200 ῑπιτ
3156 2098 3249 2177 ἱππ
3292 2106 3516 2178 atteret
3558 2131 3570 2170 ι
3658 2100 3952 2179 Eodem

755 2222 916 2298 fere
966 2220 1194 2300 modo
1247 2224 1901 2328 interpretantur·
1953 2221 2227 2322 &W-
2279 2217 2513 2323 &5¹³3
2552 2221 2696 2297 ἦτε·
2746 2224 2875 2321 qm?
2917 2224 3059 2322 ἷιῇ
3100 2220 3237 2297 aa·
3298 2224 3762 2333 Intelligunt
3785 2251 3951 2300 car-

754 2370 977 2434 men,
1067 2343 1326 2447 quod,
1414 2347 1587 2423 aliis
1674 2350 2149 2425 ornamentis
2235 2347 2634 2455 depositis,
2721 2347 3037 2423 monilis
3105 2347 3275 2421 loco
3357 2344 3948 2436 circumfertur,-

755 2461 1127 2564 (εφη-κτὼ
1173 2461 1295 2538 ffla
1336 2465 1920 2567 ππειῇῆῆῆῦῃ),
1970 2489 2048 2548 et
2078 2497 2237 2575 quo
2289 2486 2785 2547 removentur
2817 2467 3125 2573 puellae
3154 2492 3288 2543 seu
3320 2467 3580 2572 potius
3609 2492 3785 2570 erga
3824 2493 3951 2545 eae

757 2615 989 2664 amor
1092 2587 1274 2687 Quo
1320 2588 1520 2693 quid
1570 2591 1912 2696 ineptius
1953 2611 2033 2669 et
2081 2594 2344 2670 minus
2392 2620 2664 2670 verum
2718 2591 2872 2667 dici
2937 2609 3186 2698 potest
3241 2589 3339 2665 de
3401 2589 3607 2666 hisce
3673 2591 3950 2666 carmi-

758 2711 1030 2797 nibus,
1079 2711 1362 2817 puellis
1410 2732 1488 2790 et
1546 2740 1808 2790 amore
1876 2715 2233 2820 repletis?
2330 2718 2639 2794 Fefellit
2702 2714 3139 2793 scholiastas
3206 2714 3470 2817 pietas.
3566 2734 3715 2810 ξιτ,
3783 2712 3945 2788 bel-

756 2835 959 2926 lum,
1011 2834 1215 2921 rixa,
1262 2854 1414 2923 est,
1475 2864 1678 2941 quae
1739 2837 1889 2916 hoc
1950 2841 2296 2917 carmine
2355 2858 2828 2928 removetur3
2898 2859 3019 2909 ειπῐ
3076 2854 3190 2913 est
3259 2835 3733 2913 substantive
3797 2862 3941 2941 pro

751 2980 970 3050 entim,
1028 2979 1122 3037 ut
1172 2958 1466 3038 dicitur
1496 2965 1664 3039 Vll.
1701 2969 1816 3061 39.
1863 2964 1994 3038 Est
2038 2989 2367 3054 carmen,
2421 2990 2582 3066 quo
2606 2960 2917 3037 Radhae
2969 2958 3418 3065 perversitas
3467 2956 3931 3062 dispellitur.

754 3081 907 3156 Hic
954 3107 1214 3158 sensus
1261 3102 1372 3160 est
1414 3083 1593 3174 loci,
1645 3084 1707 3160 si
1761 3102 2106 3161 tenorem
2160 3086 2528 3162 carminis
2576 3084 2917 3191 respicis;
2969 3108 3206 3181 quem
3257 3097 3568 3186 ponunt
3622 3079 3940 3157 scholia-

749 3220 956 3290 stae,
1005 3203 1387 3306 ambiguis
1435 3206 1591 3281 suis
1636 3205 1888 3282 verbis
1941 3207 2186 3283 tribui
2256 3207 2477 3284 haud
2542 3206 2929 3283 recusabit
2996 3205 3309 3309 piorum
3372 3226 3629 3278 caussa
3690 3222 3937 3308 poeta.

744 3325 868 3400 De
916 3326 1158 3403 altera
1210 3326 1358 3403 hac
1408 3328 2050 3434 interpretatione
2093 3331 2293 3405 valet
2328 3328 2681 3406 scholion
2730 3330 2839 3402 D.
2887 3330 3042 3398 unffi
3079 3346 3263 3422 {rw
3306 3332 3522 3396 πιπή
3564 3346 3624 3396 ἐι
3671 3319 3939 3408 muz-hr-

754 3692 1099 3797 pertinet
1144 3710 1226 3771 et
1272 3694 1471 3796 regit
1517 3696 1657 3798 qui
1711 3694 1889 3772 h.h.
1929 3695 2090 3773 ab.
2132 3697 2506 3799 leguntur
2555 3693 3035 3772 accusativos.
3111 3693 3366 3767 Locat-
3417 3682 3605 3784 Q&
3650 3689 3938 3795 pendet

747 3816 846 3893 ab
894 3817 1147 3914 τίῆ-επ.

942 3941 1139 4019 Dist.
1193 3963 1304 4013 12.
1352 3942 1421 4018 b.
1518 3943 1730 4020 511πο
1774 3969 1916 4051 per
1954 3969 2148 4048 quas
2207 3944 2559 4021 tenebras
2608 3943 2894 4021 lineam
2957 3942 3178 4047 quasi
3244 3938 3678 4019 extendunt
3740 3962 3934 4040 qua-

748 4090 903 4168 qua
957 4091 1211 4143 versus
1252 4066 1488 4164 (πῐῗιπι)
1540 4069 1859 4146 monilia
1914 4066 2318 4144 radiantia.
2391 4064 2564 4167 πει-θ
2610 4070 3028 4174 margarita
3079 4086 3190 4146 est
3239 4068 3452 4144 iuxta
3476 4064 3931 4146 Wilsonem,

746 4214 1044 4291 gemma
1094 4188 1308 4266 iuxta
1351 4191 1617 4267 scholl.
1667 4230 1770 4245 —
1867 4190 1941 4264 d.
1996 4191 2043 4266 i.
2092 4215 2156 4267 e·
2203 4193 2846 4296 Experimentum
2896 4191 3085 4268 facit
3136 4217 3289 4267 nox
3334 4186 3656 4291 genuini
3720 4207 3930 4259 amo-

749 4312 887 4402 ris,
940 4310 1181 4388 veluti
1231 4312 1407 4388 auri
1459 4314 1656 4419 lapis
1704 4314 2015 4418 Lydius.

944 4434 1136 4512 Dist.
1190 4440 1300 4510 13.
1352 4463 1419 4511 a.
1517 4459 1668 4535 ετξ-ετ
1717 4437 1970 4514 media
2020 4456 2132 4516 est
2174 4438 2369 4514 unio
2416 4435 2501 4512 in
2537 4434 2923 4510 Haravali.

1000 4595 1090 4610 -
1200 4565 1311 4655 ¹4·
1364 4585 1573 4662 seqq.
1625 4560 1951 4637 ultimus
1997 4586 2254 4637 versus
2300 4558 2699 4665 epitheton
2750 4576 2862 4634 est
2892 4554 3224 4642 Radbae,
3273 4554 3574 4662 primus
3610 4550 3927 4629 umbra-

747 4680 928 4755 culi.
993 4680 1112 4757 De
1161 4681 1666 4758 collocatione
1713 4709 2071 4760 versuum
2106 4688 2205 4782 ξεῖ
2239 4689 2326 4769 «τὲ-
2374 4683 2722 4760 observat
2755 4684 2842 4757 A.
2890 4678 3172 4755 azfflw
3213 4669 3599 4763 sawt&
3643 4679 3743 4774 ξεῖ
3785 4678 3919 4760 tuiz«

946 4798 1138 4878 Dist.
1199 4807 1310 4879 18.
1363 4829 1432 4878 a.
1531 4826 1658 4896 επ,
1712 4802 2026 4895 densus,
2077 4805 2454 4881 densatus.

986 4969 1084 4986 —
1191 4951 1420 5002 aaa.
1522 4919 2829 5026 :gwsssta'wz'ffwtscbolb—
2927 4923 3004 5000 d.
3066 4912 3919 5023 ῆπῒεπτῐῆιππίὲἣῑῐει

749 5051 830 5121 Α.
882 5048 964 5122 C.
1008 5048 1099 5122 D.
