4935 5819
1036 515 1203 595 136
2232 505 2467 600 Gi‘rA
2527 507 2944 598 GovmoA

706 758 882 820 Cant.
912 760 1010 822 ΩΟ.
1030 760 1299 826 Amoris
1346 777 1544 852 atque
1597 757 1983 851 amplexum
2033 759 2227 826 Haris
2277 759 2714 851 praesagiunt.
2819 751 3155 847 Sequere,
3210 775 3249 819 o
3282 753 3612 845 pertinax,
3662 747 3979 819 Madhuis
4008 754 4219 821 inter-

1030 879 1398 965 fectorem,
1442 883 1565 950 tibi
1622 853 1955 950 devotum.

952 1010 1007 1071 7.
1233 1005 1501 1101 Corpus
1552 1006 1767 1074 hocce
1817 1023 2041 1088 tuum,
2095 1005 2179 1071 ab
2234 1004 2544 1072 omnibus
2596 1003 2824 1069 amicis
2881 1021 3204 1083 curatum,
3252 1001 3629 1068 accinctum
3664 1017 3763 1066 est
3801 996 3887 1065 ad
3914 1023 4212 1093 pugnam

1027 1128 1330 1213 Amoris;
1384 1130 1600 1195 abiice
1650 1126 2026 1222 pudorem,
2080 1128 2189 1193 adi
2240 1126 2570 1207 alacriter,
2621 1150 2660 1194 o
2716 1125 2983 1220 cupida,
3034 1125 3197 1193 dum
3238 1150 3407 1193 zona
3455 1125 3721 1191 insonat
3771 1146 3894 1189 ceu
3946 1139 4211 1215 tympa-

1022 1276 1224 1335 num,
1276 1253 1784 1320 conflictationis
1835 1252 2356 1320 incitamentum.
2462 1250 2788 1345 Sequere,
2841 1275 2881 1320 o
2921 1252 3250 1346 pertinax,
3301 1245 3617 1316 Madhuis
3669 1246 4205 1325 interfectorem,

1021 1374 1142 1439 tibi
1197 1372 1529 1443 devotum.

938 1499 996 1560 8.
1217 1496 1520 1564 Iucunde
1571 1496 1894 1565 acclinata
1943 1498 2014 1561 in
2058 1498 2337 1563 amicam
2381 1497 2688 1566 manibus
2718 1550 2737 1580 ,
2784 1523 2957 1592 quae
2999 1496 3267 1564 Amoris
3320 1494 3585 1586 sagittas
3636 1490 3925 1560 feliciter
3967 1493 4201 1583 aequi-

1013 1637 1289 1709 parant,
1344 1617 1617 1700 festina,
1670 1637 1737 1686 et
1788 1621 1999 1687 excita
2050 1619 2461 1687 armillarum
2510 1622 2731 1689 sonitu
2780 1621 3063 1701 Harem,
3111 1620 3228 1711 qui
3281 1616 3542 1697 eidem,
3597 1616 3707 1682 cui
3756 1631 3866 1694 tu,
3931 1609 4201 1678 deside-

1008 1741 1111 1806 rio
1158 1742 1386 1807 inhiat.
1490 1740 1831 1835 Sequere,
1887 1768 1924 1811 o
1979 1746 2321 1837 pertinax,
2374 1742 2693 1810 Madhuis
2746 1740 3287 1823 interfectorem,
3338 1739 3462 1806 tibi
3515 1736 3849 1808 devotum.

928 1862 986 1923 9·
1203 1862 1442 1932 Sermo
1494 1866 1591 1958 pii
1643 1865 2048 1958 Jayadevae‚
2103 1889 2237 1958 quo
2289 1865 2684 1957 reprimitur
2726 1865 2914 1946 rixa,
2967 1887 3103 1957 quo
3155 1879 3540 1931 removetur
3581 1863 4024 1954 perversitaS,
4090 1862 4195 1924 in-

975 1972 1340 2054 xcessanter
1393 2009 1682 2082 occupet
1725 2013 1842 2056 ora
1888 2015 2162 2072 eorum,
2215 1992 2336 2083 qui
2387 1989 2683 2055 animum
2726 1985 2889 2051 Hari
2941 1983 3289 2052 devovent.
3393 1981 3716 2076 Sequere,
3769 2007 3809 2051 o
3860 1986 4189 2075 pertinax,

998 2106 1314 2173 Madhuis
1365 2108 1906 2192 interfectorem,
1961 2110 2084 2176 tibi
2137 2108 2470 2176 devotum.
4094 2093 4103 2099 ⁸

885 2230 978 2293 10.
1197 2226 1361 2293 »Illa
1412 2252 1519 2293 me
1572 2226 1870 2311 videbit,
1924 2227 2298 2296 amoriferis
2347 2227 2568 2294 ve'rbis
2614 2253 2721 2296 me
2768 2227 3183 2323 alloquetur,
3249 2229 3675 2295 membratim
3735 2228 4185 2321 amplexando

929 2365 941 2382 ⁶
993 2348 1309 2418 laetitiam
1361 2354 1822 2434 nanciscetur,
1875 2352 2322 2419 delectabitur
2372 2350 2488 2418 illa
2536 2377 2802 2420 mecum
2856 2376 3251 2445 congressa«
3304 2353 3480 2419 hanc
3534 2352 4003 2444 cogitationem
4069 2375 4185 2419 co·

993 2469 1175 2553 lens,
1246 2496 1285 2540 o
1332 2476 1584 2555 amica,
1652 2476 1933 2542 amasius
1984 2494 2133 2542 tuus
2187 2476 2680 2567 circumspicit,
2760 2476 3253 2556 contremiscit,
3320 2474 3495 2567 pilos
3567 2475 3793 2567 erigit,
3858 2472 4179 2554 laetatur,

994 2594 1224 2675 sudat,
1283 2597 1545 2663 obviam
1598 2598 1680 2678 it,
1734 2598 2042 2664 turbatur
2080 2600 2154 2664 in
2193 2595 2637 2677 umbraculo,
2689 2595 3039 2662 stabilibus
3089 2596 3384 2662 tenebris
3441 2613 3783 2688 cooperto.

777 2809 782 2818 ¹
879 2723 972 2784 11.
1193 2718 1570 2813 Collyrium
1623 2719 1873 2802 oculis,
1939 2720 2208 2805 auribus
2277 2738 2449 2786 serta
2509 2719 2754 2787 florum
2802 2715 3268 2799 Tamalarum,
3333 2717 3541 2796 fronti
3608 2718 3897 2784 taeniam
3962 2717 4179 2785 fusca-

991 2864 1144 2906 rum
1201 2843 1763 2936 nymphaearum,
1842 2841 2118 2937 papillis
2177 2843 2460 2937 figuram
2510 2866 2739 2911 musco
2793 2845 3039 2937 pictam
3095 2843 3453 2934 imponens
3510 2840 3760 2936 caligo,
3825 2838 4180 2935 quodeun-

994 2990 1127 3056 que
1195 2965 1624 3059 amplectitur
1689 2967 2069 3033 membrum
2138 2963 2519 3061 puellarum
2586 2963 3014 3044 callidarum,
3085 2959 3600 3030 secutuleiarum
3625 3014 3648 3046 ,
3714 2962 3923 3031 corde
3993 2963 4181 3032 festi-

993 3107 1318 3155 natarum.
2163 3071 2168 3077 i

881 3215 973 3274 12.
1194 3210 1347 3275 Nox
1391 3212 1602 3291 haee,
1652 3212 1824 3278 foliis
1878 3212 2193 3277 Tamalae
2244 3212 2443 3303 longe
2493 3217 2738 3296 atrior,
2804 3238 2931 3307 per
2983 3236 3184 3305 quam
3249 3210 3705 3305 undecunque
3766 3209 4182 3278 radiantibus

994 3330 1378 3423 puellarum
1428 3331 1815 3424 monilibus·
1841 3331 2087 3398 lamina
2139 3336 2329 3426 quasi
2382 3359 2581 3400 aurea
2628 3335 3054 3418 extenditur,
3110 3355 3430 3427 tanquam
3482 3334 3652 3427 lapis
3702 3333 3994 3428 Lydius,
4068 3359 4182 3401 ex-

991 3455 1447 3543 perimentum
1500 3454 1657 3521 sacit
1712 3457 1956 3522 amoris
2006 3458 2076 3521 in
2130 3454 2555 3537 secutuleiis,
2609 3482 2895 3550 quarum
2950 3481 3236 3550 corpora
3266 3457 3687 3544 Kzicmirensi
3737 3478 3938 3523 croco
3992 3458 4183 3522 simi-

993 3577 1084 3642 lia
1135 3596 1347 3645 sunt-<e

880 3704 976 3767 13.
1193 3700 1464 3782 Radha,
1546 3703 1794 3767 Harem
1866 3706 2101 3770 intuita
2175 3705 2245 3768 in
2321 3704 2514 3769 ianua
2593 3702 2829 3771 domus
2915 3702 3282 3786 viminalis,
3369 3727 3540 3795 quae
3619 3701 3825 3770 radiis
3910 3706 4177 3771 unionis

993 3825 1296 3915 strophio
1373 3826 1443 3887 in
1530 3827 1679 3890 sinu
1749 3825 1969 3917 ligati,
2056 3826 2330 3919 cinguli¹
2391 3831 2613 3906 aurei,
2707 3823 3254 3918 armillarumque
3345 3828 3622 3918 gemmis
3716 3817 4183 3890 distinctarum‘

991 3944 1483 4026 illustrabatur,
1563 3948 1809 4014 intrare
1885 3949 2230 4016 haesitavit
2315 3948 2739 4042 pudibunda.
2868 3950 3049 4016 Tum
3116 3972 3262 4014 eam
3331 3949 3671 4017 exhortata
3756 3966 3854 4015 est
3932 3949 4177 4014 iterum

989 4068 1256 4161 puella:

675 4192 971 4253 (tantm.
1193 4193 1668 4261 »Domieilium
1735 4194 2139 4288 voluptatis,
2222 4199 2763 4264 amoenissimum
2826 4198 3120 4263 vimineti
3194 4194 3446 4277 solum,
3517 4200 3736 4278 intra,
3808 4220 3847 4263 o
3908 4192 4171 4274 Badha,

875 4298 1365 4382 14·Madhavae
1418 4320 1525 4384 isti
1571 4319 2080 4411 appropinqua,
2134 4316 2508 4401 delectare,
2561 4344 2599 4387 o
2654 4339 2767 4401 tu,
2824 4321 3009 4386 euius
3065 4342 3136 4386 os
3188 4341 3353 4412 prae
3405 4317 3654 4386 laetitia
3699 4316 3969 4386 arridet.

877 4433 974 4500 15.
1191 4440 1832 4505 Praestantissimum
1891 4439 2224 4522 lectum,
2309 4440 2486 4509 foliis
2566 4441 2893 4510 viridibus
2978 4442 3360 4531 Acokarum
3436 4459 3758 4523 stratum,
3836 4444 4049 4521 intra,
4114 4465 4171 4507 -ο

988 4560 1219 4628 deha
1247 4612 1264 4639 ,
1317 4560 1690 4627 Madhavae
1739 4565 1849 4630 isti
1900 4567 2371 4657 appropinqua
2399 4619 2419 4650 ,
2474 4562 2810 4633 delectare
2838 4617 2859 4649 ,
2910 4589 2951 4633 o
2997 4584 3105 4646 tu,
3157 4568 3230 4632 in
3284 4565 3470 4632 cuius
3519 4562 3793 4660 papillis
3845 4566 4173 4654 turgenti·-

989 4680 1116 4746 bus
1169 4685 1624 4773 supereminet
1675 4681 1875 4749 fascia
1926 4708 2356 4777 gemmarum.

879 4795 974 4860 16·
1191 4805 1516 4887 Domum,
1568 4806 1811 4874 florum
1863 4810 2115 4874 acervis
2167 4808 2750 4877 immaculatorum
2794 4811 3156 4890 nitentem,
3209 4811 3420 4892 intra,
3486 4831 3525 4876 o
3568 4806 3837 4889 deha,
3882 4805 4173 4879 Madba-

989 4951 1106 4992 vae
1153 4928 1257 4994 isti
1312 4932 1831 5021 appropinqua,
1886 4930 2257 5013 delectare,
2312 4956 2349 5002 o
2403 4952 2518 5013 tu,
2566 4935 2751 5000 cuius
2797 4933 3100 4999 membra
3153 4955 3278 4999 ceu
3329 4933 3546 4998 teneri
3597 4930 3798 4998 flores
3850 4948 4020 4997 sunt.

869 5045 963 5107 17.
1179 5053 1512 5130 Domum,
1576 5049 1932 5142 fragrantia
1981 5058 2194 5135 venti,
2251 5081 2288 5122 e
2352 5056 2741 5125 nemoribus
2793 5054 3096 5150 Malayae
3161 5051 3605 5135 subsilientis‚
3672 5045 4168 5146 refrigeratam,
