<?xml version="1.0" encoding="UTF-8"?>
<!DOCTYPE html PUBLIC "-//W3C//DTD XHTML 1.0 Transitional//EN"
    "http://www.w3.org/TR/xhtml1/DTD/xhtml1-transitional.dtd">
<html xmlns="http://www.w3.org/1999/xhtml" xml:lang="en" lang="en">
 <head>
  <title>
</title>
<meta http-equiv="Content-Type" content="text/html;charset=utf-8" />
  <meta name='ocr-system' content='tesseract 3.04.00' />
  <meta name='ocr-capabilities' content='ocr_page ocr_carea ocr_par ocr_line ocrx_word'/>
</head>
<body>
  <div class='ocr_page' id='page_1' title='image "./gitagovindajaya00lassgoog_0170.png"; bbox 0 0 4935 5819; ppageno 0'>
   <div class='ocr_carea' id='block_1_1' title="bbox 1035 488 2933 581">
    <p class='ocr_par' dir='ltr' id='par_1_1' title="bbox 1035 488 2933 581">
     <span class='ocr_line' id='line_1_1' title="bbox 1035 488 2933 581; baseline 0 -4"><span class='ocrx_word' id='word_1_1' title='bbox 1035 498 1071 577; x_wconf 89' lang='grc'>1</span> <span class='ocrx_word' id='word_1_2' title='bbox 1100 495 1206 579; x_wconf 85' lang='grc'>18</span> <span class='ocrx_word' id='word_1_3' title='bbox 2223 490 2459 581; x_wconf 71' lang='lat' dir='ltr'>Giu</span> <span class='ocrx_word' id='word_1_4' title='bbox 2518 488 2933 580; x_wconf 63' lang='lat' dir='ltr'>Govmna</span> 
     </span>
    </p>
   </div>
   <div class='ocr_carea' id='block_1_2' title="bbox 738 731 4205 5117">
    <p class='ocr_par' dir='ltr' id='par_1_2' title="bbox 753 731 4205 946">
     <span class='ocr_line' id='line_1_2' title="bbox 753 731 4205 834; baseline -0.002 -27"><span class='ocrx_word' id='word_1_5' title='bbox 753 731 933 795; x_wconf 61' lang='lat' dir='ltr'>Cant·</span> <span class='ocrx_word' id='word_1_6' title='bbox 956 731 1019 793; x_wconf 74' lang='lat'>4·</span> <span class='ocrx_word' id='word_1_7' title='bbox 1040 738 1395 807; x_wconf 88' lang='lat' dir='ltr'>obcaecata</span> <span class='ocrx_word' id='word_1_8' title='bbox 1444 764 1677 833; x_wconf 82' lang='lat' dir='ltr'><strong>presse</strong></span> <span class='ocrx_word' id='word_1_9' title='bbox 1723 760 1959 834; x_wconf 90' lang='lat' dir='ltr'>pectus</span> <span class='ocrx_word' id='word_1_10' title='bbox 2006 744 2146 808; x_wconf 89' lang='lat' dir='ltr'>eius</span> <span class='ocrx_word' id='word_1_11' title='bbox 2198 738 2504 834; x_wconf 79' lang='lat' dir='ltr'>amplexa</span> <span class='ocrx_word' id='word_1_12' title='bbox 2538 789 2556 819; x_wconf 85' lang='lat'>,</span> <span class='ocrx_word' id='word_1_13' title='bbox 2613 735 2859 831; x_wconf 89' lang='lat' dir='ltr'>cupide</span> <span class='ocrx_word' id='word_1_14' title='bbox 2914 761 3062 804; x_wconf 89' lang='lat' dir='ltr'>eum</span> <span class='ocrx_word' id='word_1_15' title='bbox 3119 734 3489 818; x_wconf 88' lang='lat' dir='ltr'>osculatur,</span> <span class='ocrx_word' id='word_1_16' title='bbox 3542 757 3686 802; x_wconf 89' lang='lat' dir='ltr'>sese</span> <span class='ocrx_word' id='word_1_17' title='bbox 3721 754 3987 804; x_wconf 89' lang='lat' dir='ltr'>cantum</span> <span class='ocrx_word' id='word_1_18' title='bbox 4037 735 4205 804; x_wconf 77' lang='lat' dir='ltr'>velle</span> 
     </span>
     <span class='ocr_line' id='line_1_3' title="bbox 1038 860 3313 946; baseline -0.001 -16"><span class='ocrx_word' id='word_1_19' title='bbox 1038 860 1312 930; x_wconf 87' lang='lat' dir='ltr'>laudare</span> <span class='ocrx_word' id='word_1_20' title='bbox 1365 862 1682 932; x_wconf 78' lang='lat' dir='ltr'>simulans</span> <span class='ocrx_word' id='word_1_21' title='bbox 1735 862 2064 945; x_wconf 83' lang='lat' dir='ltr'>dicendo,</span> <span class='ocrx_word' id='word_1_22' title='bbox 2110 865 2350 946; x_wconf 89' lang='lat' dir='ltr'>immo,</span> <span class='ocrx_word' id='word_1_23' title='bbox 2404 887 2480 933; x_wconf 88' lang='lat' dir='ltr'>os</span> <span class='ocrx_word' id='word_1_24' title='bbox 2529 881 2713 933; x_wconf 86' lang='lat' dir='ltr'>tuum</span> <span class='ocrx_word' id='word_1_25' title='bbox 2764 879 3151 928; x_wconf 85' lang='lat' dir='ltr'>nectareum</span> <span class='ocrx_word' id='word_1_26' title='bbox 3197 879 3313 928; x_wconf 86' lang='lat' dir='ltr'>est.</span> 
     </span>
    </p>

    <p class='ocr_par' dir='ltr' id='par_1_3' title="bbox 922 1104 4201 1204">
     <span class='ocr_line' id='line_1_4' title="bbox 922 1104 4201 1204; baseline 0 -30"><span class='ocrx_word' id='word_1_27' title='bbox 922 1117 1017 1188; x_wconf 79' lang='grc' dir='ltr'>Π,</span> <span class='ocrx_word' id='word_1_28' title='bbox 1229 1108 1408 1174; x_wconf 90' lang='lat' dir='ltr'>Dum</span> <span class='ocrx_word' id='word_1_29' title='bbox 1455 1108 1670 1176; x_wconf 89' lang='lat' dir='ltr'>Hares</span> <span class='ocrx_word' id='word_1_30' title='bbox 1732 1107 1925 1177; x_wconf 84' lang='lat' dir='ltr'>silvas</span> <span class='ocrx_word' id='word_1_31' title='bbox 1978 1129 2411 1204; x_wconf 78' lang='lat' dir='ltr'><strong>pervagatur,</strong></span> <span class='ocrx_word' id='word_1_32' title='bbox 2462 1109 2877 1178; x_wconf 85' lang='lat' dir='ltr'>inclinationi</span> <span class='ocrx_word' id='word_1_33' title='bbox 2930 1109 3351 1203; x_wconf 77' lang='lat' dir='ltr'>promiscuae</span> <span class='ocrx_word' id='word_1_34' title='bbox 3418 1104 3720 1188; x_wconf 87' lang='lat' dir='ltr'>deditus,</span> <span class='ocrx_word' id='word_1_35' title='bbox 3781 1106 4046 1191; x_wconf 64' lang='lat' dir='ltr'>maha,</span> <span class='ocrx_word' id='word_1_36' title='bbox 4116 1111 4201 1177; x_wconf 91' lang='lat' dir='ltr'>ob</span> 
     </span>
    </p>

    <p class='ocr_par' dir='ltr' id='par_1_4' title="bbox 959 1210 4205 1568">
     <span class='ocr_line' id='line_1_5' title="bbox 959 1210 4205 1325; baseline 0.002 -33"><span class='ocrx_word' id='word_1_37' title='bbox 959 1228 1404 1322; x_wconf 83' lang='lat' dir='ltr'>l.neglectam</span> <span class='ocrx_word' id='word_1_38' title='bbox 1456 1256 1641 1297; x_wconf 89' lang='lat' dir='ltr'>suam</span> <span class='ocrx_word' id='word_1_39' title='bbox 1685 1210 2156 1325; x_wconf 76' lang='lat' dir='ltr'>praestantiam</span> <span class='ocrx_word' id='word_1_40' title='bbox 2206 1235 2276 1300; x_wconf 93' lang='lat' dir='ltr'>in</span> <span class='ocrx_word' id='word_1_41' title='bbox 2314 1231 2776 1300; x_wconf 77' lang='lat' dir='ltr'>aemulationis</span> <span class='ocrx_word' id='word_1_42' title='bbox 2830 1231 3155 1299; x_wconf 84' lang='lat' dir='ltr'>ditionem</span> <span class='ocrx_word' id='word_1_43' title='bbox 3207 1228 3518 1323; x_wconf 83' lang='lat' dir='ltr'>delapsa,</span> <span class='ocrx_word' id='word_1_44' title='bbox 3587 1229 3903 1298; x_wconf 76' lang='lat' dir='ltr'>aliorsum</span> <span class='ocrx_word' id='word_1_45' title='bbox 3961 1232 4205 1324; x_wconf 86' lang='lat' dir='ltr'>migra·</span> 
     </span>
     <span class='ocr_line' id='line_1_6' title="bbox 1031 1351 4201 1449; baseline 0.002 -34"><span class='ocrx_word' id='word_1_46' title='bbox 1031 1351 1155 1430; x_wconf 80' lang='lat' dir='ltr'>vit,</span> <span class='ocrx_word' id='word_1_47' title='bbox 1214 1369 1414 1445; x_wconf 86' lang='lat' dir='ltr'>atque</span> <span class='ocrx_word' id='word_1_48' title='bbox 1475 1354 1549 1419; x_wconf 89' lang='lat' dir='ltr'>in</span> <span class='ocrx_word' id='word_1_49' title='bbox 1616 1353 2005 1422; x_wconf 88' lang='lat' dir='ltr'>umbraculo</span> <span class='ocrx_word' id='word_1_50' title='bbox 2078 1354 2374 1449; x_wconf 83' lang='lat' dir='ltr'>quodam</span> <span class='ocrx_word' id='word_1_51' title='bbox 2452 1356 2801 1437; x_wconf 85' lang='lat' dir='ltr'>viticomo,</span> <span class='ocrx_word' id='word_1_52' title='bbox 2873 1354 3439 1422; x_wconf 81' lang='lat' dir='ltr'>murmurantibus</span> <span class='ocrx_word' id='word_1_53' title='bbox 3515 1354 3753 1447; x_wconf 87' lang='lat' dir='ltr'>apibus</span> <span class='ocrx_word' id='word_1_54' title='bbox 3828 1357 4201 1429; x_wconf 83' lang='lat' dir='ltr'>resonanti,</span> 
     </span>
     <span class='ocr_line' id='line_1_7' title="bbox 1029 1473 2819 1568; baseline 0.003 -28"><span class='ocrx_word' id='word_1_55' title='bbox 1029 1473 1363 1568; x_wconf 86' lang='lat' dir='ltr'>collapsa,</span> <span class='ocrx_word' id='word_1_56' title='bbox 1412 1476 1598 1544; x_wconf 84' lang='lat' dir='ltr'>affata</span> <span class='ocrx_word' id='word_1_57' title='bbox 1650 1498 1750 1547; x_wconf 89' lang='lat' dir='ltr'>est</span> <span class='ocrx_word' id='word_1_58' title='bbox 1796 1478 1956 1546; x_wconf 88' lang='lat' dir='ltr'>licet</span> <span class='ocrx_word' id='word_1_59' title='bbox 2008 1481 2246 1545; x_wconf 87' lang='lat' dir='ltr'>misera</span> <span class='ocrx_word' id='word_1_60' title='bbox 2300 1478 2472 1546; x_wconf 86' lang='lat' dir='ltr'>clam</span> <span class='ocrx_word' id='word_1_61' title='bbox 2520 1483 2819 1547; x_wconf 82' lang='lat' dir='ltr'>amicam.</span> 
     </span>
    </p>

    <p class='ocr_par' dir='ltr' id='par_1_5' title="bbox 738 1598 4202 1928">
     <span class='ocr_line' id='line_1_8' title="bbox 738 1598 4202 1693; baseline 0 -29"><span class='ocrx_word' id='word_1_62' title='bbox 738 1605 914 1665; x_wconf 81' lang='lat' dir='ltr'>Cant.</span> <span class='ocrx_word' id='word_1_63' title='bbox 949 1606 1007 1666; x_wconf 88' lang='lat'>5.</span> <span class='ocrx_word' id='word_1_64' title='bbox 1231 1599 1477 1666; x_wconf 75' lang='lat' dir='ltr'>»Cuius</span> <span class='ocrx_word' id='word_1_65' title='bbox 1529 1626 1733 1668; x_wconf 84' lang='lat' dir='ltr'>avena</span> <span class='ocrx_word' id='word_1_66' title='bbox 1782 1600 2112 1667; x_wconf 82' lang='lat' dir='ltr'>fascinans</span> <span class='ocrx_word' id='word_1_67' title='bbox 2162 1620 2565 1693; x_wconf 86' lang='lat' dir='ltr'>personatur</span> <span class='ocrx_word' id='word_1_68' title='bbox 2617 1623 2814 1673; x_wconf 90' lang='lat' dir='ltr'>cantu</span> <span class='ocrx_word' id='word_1_69' title='bbox 2868 1602 3048 1672; x_wconf 91' lang='lat' dir='ltr'>dulci</span> <span class='ocrx_word' id='word_1_70' title='bbox 3104 1605 3311 1670; x_wconf 85' lang='lat' dir='ltr'>instar</span> <span class='ocrx_word' id='word_1_71' title='bbox 3360 1601 3648 1668; x_wconf 87' lang='lat' dir='ltr'>nectaris</span> <span class='ocrx_word' id='word_1_72' title='bbox 3717 1627 3752 1666; x_wconf 92' lang='lat' dir='ltr'>a</span> <span class='ocrx_word' id='word_1_73' title='bbox 3816 1599 4011 1666; x_wconf 89' lang='lat' dir='ltr'>labiis</span> <span class='ocrx_word' id='word_1_74' title='bbox 4081 1598 4202 1670; x_wconf 81' lang='lat' dir='ltr'>‹le-</span> 
     </span>
     <span class='ocr_line' id='line_1_9' title="bbox 952 1712 4198 1819; baseline -0 -33"><span class='ocrx_word' id='word_1_75' title='bbox 952 1712 1187 1807; x_wconf 72' lang='grc' dir='ltr'>2-ίῙιιί,</span> <span class='ocrx_word' id='word_1_76' title='bbox 1242 1723 1381 1788; x_wconf 85' lang='lat' dir='ltr'>eius</span> <span class='ocrx_word' id='word_1_77' title='bbox 1431 1723 1669 1805; x_wconf 87' lang='lat' dir='ltr'>Haris,</span> <span class='ocrx_word' id='word_1_78' title='bbox 1718 1722 1947 1792; x_wconf 92' lang='lat' dir='ltr'>oculos</span> <span class='ocrx_word' id='word_1_79' title='bbox 2000 1723 2440 1806; x_wconf 77' lang='lat' dir='ltr'>revolventiS,</span> <span class='ocrx_word' id='word_1_80' title='bbox 2498 1727 2715 1819; x_wconf 89' lang='lat' dir='ltr'>capite</span> <span class='ocrx_word' id='word_1_81' title='bbox 2763 1726 3092 1804; x_wconf 76' lang='lat' dir='ltr'>nutantiS,</span> <span class='ocrx_word' id='word_1_82' title='bbox 3162 1747 3362 1816; x_wconf 85' lang='lat' dir='ltr'>genas</span> <span class='ocrx_word' id='word_1_83' title='bbox 3426 1722 3771 1788; x_wconf 88' lang='lat' dir='ltr'>inauribus</span> <span class='ocrx_word' id='word_1_84' title='bbox 3835 1720 4198 1813; x_wconf 84' lang='lat' dir='ltr'>pulsantis,</span> 
     </span>
     <span class='ocr_line' id='line_1_10' title="bbox 1022 1843 3723 1928; baseline -0.001 -17"><span class='ocrx_word' id='word_1_85' title='bbox 1022 1844 1416 1913; x_wconf 85' lang='lat' dir='ltr'>recordatur</span> <span class='ocrx_word' id='word_1_86' title='bbox 1465 1872 1654 1912; x_wconf 89' lang='lat' dir='ltr'>mens</span> <span class='ocrx_word' id='word_1_87' title='bbox 1706 1872 1887 1928; x_wconf 88' lang='lat' dir='ltr'>mea,</span> <span class='ocrx_word' id='word_1_88' title='bbox 1936 1846 2096 1914; x_wconf 90' lang='lat' dir='ltr'>licet</span> <span class='ocrx_word' id='word_1_89' title='bbox 2145 1847 2351 1915; x_wconf 73' lang='lat' dir='ltr'>Rasae</span> <span class='ocrx_word' id='word_1_90' title='bbox 2404 1847 2753 1917; x_wconf 87' lang='lat' dir='ltr'>festivitate</span> <span class='ocrx_word' id='word_1_91' title='bbox 2808 1847 3106 1914; x_wconf 76' lang='lat' dir='ltr'>lasciviat</span> <span class='ocrx_word' id='word_1_92' title='bbox 3157 1864 3223 1913; x_wconf 88' lang='lat' dir='ltr'>et</span> <span class='ocrx_word' id='word_1_93' title='bbox 3272 1869 3379 1911; x_wconf 88' lang='lat' dir='ltr'>me</span> <span class='ocrx_word' id='word_1_94' title='bbox 3430 1843 3723 1910; x_wconf 89' lang='lat' dir='ltr'>irrideat.</span> 
     </span>
    </p>

    <p class='ocr_par' dir='ltr' id='par_1_6' title="bbox 946 1959 4199 2403">
     <span class='ocr_line' id='line_1_11' title="bbox 946 1959 4199 2064; baseline -0.001 -35"><span class='ocrx_word' id='word_1_95' title='bbox 946 1967 1003 2030; x_wconf 88' lang='grc'>3.</span> <span class='ocrx_word' id='word_1_96' title='bbox 1222 1967 1428 2034; x_wconf 91' lang='lat' dir='ltr'>Cuius</span> <span class='ocrx_word' id='word_1_97' title='bbox 1474 1971 1795 2035; x_wconf 87' lang='lat' dir='ltr'>caesaries</span> <span class='ocrx_word' id='word_1_98' title='bbox 1848 1968 2172 2037; x_wconf 83' lang='lat' dir='ltr'>armillata</span> <span class='ocrx_word' id='word_1_99' title='bbox 2204 1972 2391 2064; x_wconf 85' lang='lat' dir='ltr'>quasi</span> <span class='ocrx_word' id='word_1_100' title='bbox 2449 1989 2548 2038; x_wconf 87' lang='lat' dir='ltr'>est</span> <span class='ocrx_word' id='word_1_101' title='bbox 2578 1969 2788 2036; x_wconf 86' lang='lat' dir='ltr'>cauda</span> <span class='ocrx_word' id='word_1_102' title='bbox 2815 1970 3090 2062; x_wconf 87' lang='lat' dir='ltr'>pavonis</span> <span class='ocrx_word' id='word_1_103' title='bbox 3127 1986 3374 2059; x_wconf 84' lang='lat' dir='ltr'>gyrata,</span> <span class='ocrx_word' id='word_1_104' title='bbox 3430 1964 3669 2058; x_wconf 89' lang='lat' dir='ltr'>pulcra</span> <span class='ocrx_word' id='word_1_105' title='bbox 3700 1982 4014 2054; x_wconf 88' lang='lat' dir='ltr'>tanquam</span> <span class='ocrx_word' id='word_1_106' title='bbox 4040 1959 4199 2028; x_wconf 89' lang='lat' dir='ltr'>luna</span> 
     </span>
     <span class='ocr_line' id='line_1_12' title="bbox 1025 2085 4197 2184; baseline -0.002 -27"><span class='ocrx_word' id='word_1_107' title='bbox 1025 2110 1330 2174; x_wconf 83' lang='lat' dir='ltr'>curvata,</span> <span class='ocrx_word' id='word_1_108' title='bbox 1387 2094 1504 2184; x_wconf 84' lang='lat' dir='ltr'>qui</span> <span class='ocrx_word' id='word_1_109' title='bbox 1553 2092 1768 2160; x_wconf 88' lang='lat' dir='ltr'>nitido</span> <span class='ocrx_word' id='word_1_110' title='bbox 1823 2091 2107 2160; x_wconf 89' lang='lat' dir='ltr'>amiculo</span> <span class='ocrx_word' id='word_1_111' title='bbox 2157 2093 2431 2162; x_wconf 83' lang='lat' dir='ltr'>indutus</span> <span class='ocrx_word' id='word_1_112' title='bbox 2489 2115 2629 2175; x_wconf 86' lang='lat' dir='ltr'>est,</span> <span class='ocrx_word' id='word_1_113' title='bbox 2685 2095 2878 2161; x_wconf 90' lang='lat' dir='ltr'>sicuti</span> <span class='ocrx_word' id='word_1_114' title='bbox 2924 2094 3114 2183; x_wconf 86' lang='lat' dir='ltr'>nigra</span> <span class='ocrx_word' id='word_1_115' title='bbox 3169 2092 3380 2157; x_wconf 88' lang='lat' dir='ltr'>nubes</span> <span class='ocrx_word' id='word_1_116' title='bbox 3435 2108 3702 2156; x_wconf 85' lang='lat' dir='ltr'>extenso</span> <span class='ocrx_word' id='word_1_117' title='bbox 3747 2085 3991 2152; x_wconf 90' lang='lat' dir='ltr'>Indrae</span> <span class='ocrx_word' id='word_1_118' title='bbox 4036 2109 4197 2151; x_wconf 88' lang='lat' dir='ltr'>arcu</span> 
     </span>
     <span class='ocr_line' id='line_1_13' title="bbox 1020 2208 4194 2297; baseline -0.001 -19"><span class='ocrx_word' id='word_1_119' title='bbox 1020 2211 1375 2295; x_wconf 84' lang='lat' dir='ltr'>illustrata,</span> <span class='ocrx_word' id='word_1_120' title='bbox 1429 2215 1567 2281; x_wconf 84' lang='lat' dir='ltr'>eius</span> <span class='ocrx_word' id='word_1_121' title='bbox 1620 2216 1814 2283; x_wconf 86' lang='lat' dir='ltr'>Haris</span> <span class='ocrx_word' id='word_1_122' title='bbox 1865 2215 2263 2283; x_wconf 85' lang='lat' dir='ltr'>recordatur</span> <span class='ocrx_word' id='word_1_123' title='bbox 2311 2242 2502 2285; x_wconf 90' lang='lat' dir='ltr'>mens</span> <span class='ocrx_word' id='word_1_124' title='bbox 2557 2243 2737 2297; x_wconf 85' lang='lat' dir='ltr'>mea,</span> <span class='ocrx_word' id='word_1_125' title='bbox 2789 2215 2948 2285; x_wconf 89' lang='lat' dir='ltr'>licet</span> <span class='ocrx_word' id='word_1_126' title='bbox 2995 2217 3196 2282; x_wconf 70' lang='lat' dir='ltr'>Rasae</span> <span class='ocrx_word' id='word_1_127' title='bbox 3248 2213 3594 2280; x_wconf 77' lang='lat' dir='ltr'>festivitate</span> <span class='ocrx_word' id='word_1_128' title='bbox 3641 2208 3937 2276; x_wconf 80' lang='lat' dir='ltr'>lasciviat</span> <span class='ocrx_word' id='word_1_129' title='bbox 3979 2229 4044 2277; x_wconf 90' lang='lat' dir='ltr'>et</span> <span class='ocrx_word' id='word_1_130' title='bbox 4088 2235 4194 2275; x_wconf 87' lang='lat' dir='ltr'>me</span> 
     </span>
     <span class='ocr_line' id='line_1_14' title="bbox 1015 2335 1310 2403; baseline 0.01 -3"><span class='ocrx_word' id='word_1_131' title='bbox 1015 2335 1310 2403; x_wconf 82' lang='lat' dir='ltr'>irrideat.</span> 
     </span>
    </p>

    <p class='ocr_par' dir='ltr' id='par_1_7' title="bbox 943 2452 4196 2898">
     <span class='ocr_line' id='line_1_15' title="bbox 943 2452 4196 2555; baseline -0.005 -23"><span class='ocrx_word' id='word_1_132' title='bbox 943 2465 1000 2532; x_wconf 81' lang='grc'>4.</span> <span class='ocrx_word' id='word_1_133' title='bbox 1219 2460 1350 2543; x_wconf 82' lang='lat' dir='ltr'>Qui</span> <span class='ocrx_word' id='word_1_134' title='bbox 1404 2479 1634 2553; x_wconf 87' lang='lat' dir='ltr'>captus</span> <span class='ocrx_word' id='word_1_135' title='bbox 1687 2479 1786 2529; x_wconf 86' lang='lat' dir='ltr'>est</span> <span class='ocrx_word' id='word_1_136' title='bbox 1831 2459 2169 2531; x_wconf 90' lang='lat' dir='ltr'>desiderio</span> <span class='ocrx_word' id='word_1_137' title='bbox 2224 2487 2341 2532; x_wconf 88' lang='lat' dir='ltr'>ora</span> <span class='ocrx_word' id='word_1_138' title='bbox 2395 2462 2744 2532; x_wconf 88' lang='lat' dir='ltr'>osculandi</span> <span class='ocrx_word' id='word_1_139' title='bbox 2789 2462 3233 2555; x_wconf 83' lang='lat' dir='ltr'>plurimarum</span> <span class='ocrx_word' id='word_1_140' title='bbox 3288 2456 3721 2553; x_wconf 87' lang='lat' dir='ltr'>pastoralium</span> <span class='ocrx_word' id='word_1_141' title='bbox 3765 2452 4196 2519; x_wconf 88' lang='lat' dir='ltr'>muliercula-</span> 
     </span>
     <span class='ocr_line' id='line_1_16' title="bbox 1015 2571 4193 2676; baseline -0.003 -28"><span class='ocrx_word' id='word_1_142' title='bbox 1015 2605 1167 2648; x_wconf 89' lang='lat' dir='ltr'>rum</span> <span class='ocrx_word' id='word_1_143' title='bbox 1216 2579 1574 2649; x_wconf 87' lang='lat' dir='ltr'>seminibus</span> <span class='ocrx_word' id='word_1_144' title='bbox 1627 2582 2150 2676; x_wconf 86' lang='lat' dir='ltr'>turgidularum‚</span> <span class='ocrx_word' id='word_1_145' title='bbox 2206 2587 2391 2653; x_wconf 90' lang='lat' dir='ltr'>cuius</span> <span class='ocrx_word' id='word_1_146' title='bbox 2444 2586 2662 2667; x_wconf 87' lang='lat' dir='ltr'>labia,</span> <span class='ocrx_word' id='word_1_147' title='bbox 2718 2603 3028 2676; x_wconf 86' lang='lat' dir='ltr'>tanquam</span> <span class='ocrx_word' id='word_1_148' title='bbox 3085 2579 3534 2663; x_wconf 77' lang='lat' dir='ltr'>Bandhujivae</span> <span class='ocrx_word' id='word_1_149' title='bbox 3599 2574 3892 2652; x_wconf 88' lang='lat' dir='ltr'>surculi,</span> <span class='ocrx_word' id='word_1_150' title='bbox 3960 2571 4193 2638; x_wconf 88' lang='lat' dir='ltr'>dulce-</span> 
     </span>
     <span class='ocr_line' id='line_1_17' title="bbox 1016 2693 4187 2790; baseline -0.003 -21"><span class='ocrx_word' id='word_1_151' title='bbox 1016 2703 1174 2770; x_wconf 86' lang='lat' dir='ltr'>dine</span> <span class='ocrx_word' id='word_1_152' title='bbox 1228 2702 1515 2784; x_wconf 88' lang='lat' dir='ltr'>stillant,</span> <span class='ocrx_word' id='word_1_153' title='bbox 1564 2707 1749 2771; x_wconf 89' lang='lat' dir='ltr'>cuius</span> <span class='ocrx_word' id='word_1_154' title='bbox 1798 2707 1969 2773; x_wconf 89' lang='lat' dir='ltr'>risus</span> <span class='ocrx_word' id='word_1_155' title='bbox 2020 2706 2351 2775; x_wconf 82' lang='lat' dir='ltr'>hilaritate</span> <span class='ocrx_word' id='word_1_156' title='bbox 2401 2712 2608 2790; x_wconf 88' lang='lat' dir='ltr'>nitet,</span> <span class='ocrx_word' id='word_1_157' title='bbox 2664 2709 2804 2773; x_wconf 89' lang='lat' dir='ltr'>eius</span> <span class='ocrx_word' id='word_1_158' title='bbox 2850 2706 3043 2771; x_wconf 87' lang='lat' dir='ltr'>Haris</span> <span class='ocrx_word' id='word_1_159' title='bbox 3100 2699 3497 2770; x_wconf 80' lang='lat' dir='ltr'>recordatur</span> <span class='ocrx_word' id='word_1_160' title='bbox 3547 2723 3736 2765; x_wconf 88' lang='lat' dir='ltr'>mens</span> <span class='ocrx_word' id='word_1_161' title='bbox 3788 2719 3978 2775; x_wconf 89' lang='lat' dir='ltr'>mea,</span> <span class='ocrx_word' id='word_1_162' title='bbox 4031 2693 4187 2760; x_wconf 89' lang='lat' dir='ltr'>licet</span> 
     </span>
     <span class='ocr_line' id='line_1_18' title="bbox 1013 2824 2579 2898; baseline 0.003 -7"><span class='ocrx_word' id='word_1_163' title='bbox 1013 2826 1218 2892; x_wconf 69' lang='lat' dir='ltr'>Rasae</span> <span class='ocrx_word' id='word_1_164' title='bbox 1271 2824 1620 2895; x_wconf 83' lang='lat' dir='ltr'>festivitate</span> <span class='ocrx_word' id='word_1_165' title='bbox 1665 2827 1961 2895; x_wconf 85' lang='lat' dir='ltr'>lasciviat</span> <span class='ocrx_word' id='word_1_166' title='bbox 2011 2848 2077 2897; x_wconf 88' lang='lat' dir='ltr'>et</span> <span class='ocrx_word' id='word_1_167' title='bbox 2121 2854 2228 2897; x_wconf 91' lang='lat' dir='ltr'>me</span> <span class='ocrx_word' id='word_1_168' title='bbox 2278 2830 2579 2898; x_wconf 85' lang='lat' dir='ltr'>irrideat.</span> 
     </span>
    </p>

    <p class='ocr_par' dir='ltr' id='par_1_8' title="bbox 941 2944 4197 3390">
     <span class='ocr_line' id='line_1_19' title="bbox 941 2944 4185 3049; baseline -0.002 -33"><span class='ocrx_word' id='word_1_169' title='bbox 941 2965 998 3024; x_wconf 83' lang='lat'>5.</span> <span class='ocrx_word' id='word_1_170' title='bbox 1217 2950 1421 3017; x_wconf 90' lang='lat' dir='ltr'>Cuius</span> <span class='ocrx_word' id='word_1_171' title='bbox 1473 2949 1738 3031; x_wconf 89' lang='lat' dir='ltr'>lacerti,</span> <span class='ocrx_word' id='word_1_172' title='bbox 1790 2951 1946 3045; x_wconf 84' lang='lat' dir='ltr'>pilis</span> <span class='ocrx_word' id='word_1_173' title='bbox 1999 2955 2237 3021; x_wconf 89' lang='lat' dir='ltr'>erectis</span> <span class='ocrx_word' id='word_1_174' title='bbox 2292 2955 2632 3049; x_wconf 87' lang='lat' dir='ltr'>plurimis,</span> <span class='ocrx_word' id='word_1_175' title='bbox 2690 2954 3258 3047; x_wconf 86' lang='lat' dir='ltr'>complectuntur,</span> <span class='ocrx_word' id='word_1_176' title='bbox 3308 2973 3646 3020; x_wconf 88' lang='lat' dir='ltr'>ramorum</span> <span class='ocrx_word' id='word_1_177' title='bbox 3698 2952 3936 3028; x_wconf 84' lang='lat' dir='ltr'>instar,</span> <span class='ocrx_word' id='word_1_178' title='bbox 4004 2944 4185 3012; x_wconf 88' lang='lat' dir='ltr'>mille</span> 
     </span>
     <span class='ocr_line' id='line_1_20' title="bbox 1020 3068 4197 3172; baseline -0.001 -35"><span class='ocrx_word' id='word_1_179' title='bbox 1020 3071 1396 3165; x_wconf 87' lang='lat' dir='ltr'>puellarum</span> <span class='ocrx_word' id='word_1_180' title='bbox 1443 3076 1930 3167; x_wconf 85' lang='lat' dir='ltr'>rurigenarum,</span> <span class='ocrx_word' id='word_1_181' title='bbox 1986 3078 2171 3142; x_wconf 91' lang='lat' dir='ltr'>cuius</span> <span class='ocrx_word' id='word_1_182' title='bbox 2218 3098 2607 3146; x_wconf 89' lang='lat' dir='ltr'>ornamenta</span> <span class='ocrx_word' id='word_1_183' title='bbox 2660 3080 2937 3172; x_wconf 85' lang='lat' dir='ltr'>gemmis</span> <span class='ocrx_word' id='word_1_184' title='bbox 2995 3077 3325 3155; x_wconf 89' lang='lat' dir='ltr'>distincta,</span> <span class='ocrx_word' id='word_1_185' title='bbox 3376 3075 3443 3139; x_wconf 88' lang='lat' dir='ltr'>in</span> <span class='ocrx_word' id='word_1_186' title='bbox 3491 3072 3833 3152; x_wconf 89' lang='lat' dir='ltr'>manibus,</span> <span class='ocrx_word' id='word_1_187' title='bbox 3886 3068 4197 3164; x_wconf 77' lang='lat' dir='ltr'>pedibuS,</span> 
     </span>
     <span class='ocr_line' id='line_1_21' title="bbox 1017 3191 4197 3289; baseline -0.001 -30"><span class='ocrx_word' id='word_1_188' title='bbox 1017 3212 1296 3284; x_wconf 88' lang='lat' dir='ltr'>pectore</span> <span class='ocrx_word' id='word_1_189' title='bbox 1347 3193 1670 3261; x_wconf 87' lang='lat' dir='ltr'>radiantia</span> <span class='ocrx_word' id='word_1_190' title='bbox 1699 3246 1717 3275; x_wconf 92' lang='lat'>,</span> <span class='ocrx_word' id='word_1_191' title='bbox 1771 3198 2079 3265; x_wconf 88' lang='lat' dir='ltr'>tenebras</span> <span class='ocrx_word' id='word_1_192' title='bbox 2131 3199 2435 3281; x_wconf 82' lang='lat' dir='ltr'>findunt,</span> <span class='ocrx_word' id='word_1_193' title='bbox 2492 3204 2630 3267; x_wconf 88' lang='lat' dir='ltr'>eius</span> <span class='ocrx_word' id='word_1_194' title='bbox 2686 3203 2879 3267; x_wconf 86' lang='lat' dir='ltr'>Haris</span> <span class='ocrx_word' id='word_1_195' title='bbox 2932 3198 3347 3289; x_wconf 64' lang='lat' dir='ltr'>recordatur</span> <span class='ocrx_word' id='word_1_196' title='bbox 3376 3221 3565 3262; x_wconf 90' lang='lat' dir='ltr'>mens</span> <span class='ocrx_word' id='word_1_197' title='bbox 3617 3219 3795 3276; x_wconf 88' lang='lat' dir='ltr'>mea,</span> <span class='ocrx_word' id='word_1_198' title='bbox 3859 3191 4022 3258; x_wconf 86' lang='lat' dir='ltr'>licet</span> <span class='ocrx_word' id='word_1_199' title='bbox 4069 3191 4197 3256; x_wconf 72' lang='lat' dir='ltr'>Rs-</span> 
     </span>
     <span class='ocr_line' id='line_1_22' title="bbox 1021 3313 2493 3390; baseline 0.006 -12"><span class='ocrx_word' id='word_1_200' title='bbox 1021 3338 1128 3379; x_wconf 87' lang='lat' dir='ltr'>sae</span> <span class='ocrx_word' id='word_1_201' title='bbox 1181 3313 1527 3382; x_wconf 86' lang='lat' dir='ltr'>festivitate</span> <span class='ocrx_word' id='word_1_202' title='bbox 1575 3314 1871 3385; x_wconf 85' lang='lat' dir='ltr'>lasciviat</span> <span class='ocrx_word' id='word_1_203' title='bbox 1922 3336 1990 3385; x_wconf 92' lang='lat' dir='ltr'>et</span> <span class='ocrx_word' id='word_1_204' title='bbox 2037 3345 2145 3387; x_wconf 88' lang='lat' dir='ltr'>me</span> <span class='ocrx_word' id='word_1_205' title='bbox 2198 3321 2493 3390; x_wconf 85' lang='lat' dir='ltr'>irrideat.</span> 
     </span>
    </p>

    <p class='ocr_par' dir='ltr' id='par_1_9' title="bbox 941 3437 4199 3889">
     <span class='ocr_line' id='line_1_23' title="bbox 941 3437 4198 3539; baseline 0 -37"><span class='ocrx_word' id='word_1_206' title='bbox 941 3449 999 3510; x_wconf 81' lang='lat'>6,</span> <span class='ocrx_word' id='word_1_207' title='bbox 1219 3438 1295 3503; x_wconf 91' lang='lat' dir='ltr'>In</span> <span class='ocrx_word' id='word_1_208' title='bbox 1346 3441 1531 3506; x_wconf 91' lang='lat' dir='ltr'>cuius</span> <span class='ocrx_word' id='word_1_209' title='bbox 1580 3441 1803 3509; x_wconf 83' lang='lat' dir='ltr'>fronte</span> <span class='ocrx_word' id='word_1_210' title='bbox 1857 3441 2108 3511; x_wconf 87' lang='lat' dir='ltr'>Santali</span> <span class='ocrx_word' id='word_1_211' title='bbox 2168 3444 2447 3538; x_wconf 86' lang='lat' dir='ltr'>pulvere</span> <span class='ocrx_word' id='word_1_212' title='bbox 2508 3449 2766 3538; x_wconf 89' lang='lat' dir='ltr'>pictum</span> <span class='ocrx_word' id='word_1_213' title='bbox 2818 3446 3096 3513; x_wconf 82' lang='lat' dir='ltr'>Tilakae</span> <span class='ocrx_word' id='word_1_214' title='bbox 3157 3447 3417 3539; x_wconf 86' lang='lat' dir='ltr'>signum</span> <span class='ocrx_word' id='word_1_215' title='bbox 3489 3443 3872 3534; x_wconf 75' lang='lat' dir='ltr'>despicatui·</span> <span class='ocrx_word' id='word_1_216' title='bbox 3932 3437 4198 3516; x_wconf 83' lang='lat' dir='ltr'>lunam,</span> 
     </span>
     <span class='ocr_line' id='line_1_24' title="bbox 1019 3560 4199 3656; baseline 0.002 -32"><span class='ocrx_word' id='word_1_217' title='bbox 1019 3560 1409 3627; x_wconf 86' lang='lat' dir='ltr'>nubilorum</span> <span class='ocrx_word' id='word_1_218' title='bbox 1478 3565 1765 3656; x_wconf 84' lang='lat' dir='ltr'>tegmina</span> <span class='ocrx_word' id='word_1_219' title='bbox 1826 3566 2377 3650; x_wconf 82' lang='lat' dir='ltr'>intermeantem3</span> <span class='ocrx_word' id='word_1_220' title='bbox 2449 3570 2636 3635; x_wconf 89' lang='lat' dir='ltr'>cuius</span> <span class='ocrx_word' id='word_1_221' title='bbox 2708 3570 2941 3637; x_wconf 84' lang='lat' dir='ltr'>thorax</span> <span class='ocrx_word' id='word_1_222' title='bbox 3005 3566 3507 3636; x_wconf 86' lang='lat' dir='ltr'>misericordiae</span> <span class='ocrx_word' id='word_1_223' title='bbox 3578 3588 3815 3656; x_wconf 81' lang='lat' dir='ltr'>expers</span> <span class='ocrx_word' id='word_1_224' title='bbox 3888 3563 4199 3626; x_wconf 75' lang='lat' dir='ltr'>viciniam</span> 
     </span>
     <span class='ocr_line' id='line_1_25' title="bbox 1020 3680 4193 3781; baseline -0.001 -34"><span class='ocrx_word' id='word_1_225' title='bbox 1020 3680 1434 3774; x_wconf 87' lang='lat' dir='ltr'>turgidarum</span> <span class='ocrx_word' id='word_1_226' title='bbox 1489 3684 1898 3777; x_wconf 90' lang='lat' dir='ltr'>papillarum</span> <span class='ocrx_word' id='word_1_227' title='bbox 1969 3693 2220 3781; x_wconf 87' lang='lat' dir='ltr'>premit</span> <span class='ocrx_word' id='word_1_228' title='bbox 2249 3742 2267 3772; x_wconf 90' lang='lat'>‚</span> <span class='ocrx_word' id='word_1_229' title='bbox 2341 3694 2480 3758; x_wconf 84' lang='lat' dir='ltr'>eius</span> <span class='ocrx_word' id='word_1_230' title='bbox 2546 3693 2741 3759; x_wconf 87' lang='lat' dir='ltr'>Haris</span> <span class='ocrx_word' id='word_1_231' title='bbox 2806 3690 3202 3760; x_wconf 89' lang='lat' dir='ltr'>recordatur</span> <span class='ocrx_word' id='word_1_232' title='bbox 3272 3713 3460 3756; x_wconf 89' lang='lat' dir='ltr'>mens</span> <span class='ocrx_word' id='word_1_233' title='bbox 3520 3711 3706 3764; x_wconf 85' lang='lat' dir='ltr'>mea,</span> <span class='ocrx_word' id='word_1_234' title='bbox 3771 3682 3931 3749; x_wconf 84' lang='lat' dir='ltr'>licet</span> <span class='ocrx_word' id='word_1_235' title='bbox 3992 3681 4193 3745; x_wconf 68' lang='lat' dir='ltr'>Rasae</span> 
     </span>
     <span class='ocr_line' id='line_1_26' title="bbox 1020 3793 4159 3889; baseline 0.011 -23"><span class='ocrx_word' id='word_1_236' title='bbox 1020 3801 1365 3869; x_wconf 84' lang='lat' dir='ltr'>festivitate</span> <span class='ocrx_word' id='word_1_237' title='bbox 1416 3804 1739 3889; x_wconf 85' lang='lat' dir='ltr'>lasciviat,</span> <span class='ocrx_word' id='word_1_238' title='bbox 1789 3829 1853 3876; x_wconf 90' lang='lat' dir='ltr'>et</span> <span class='ocrx_word' id='word_1_239' title='bbox 1895 3834 2003 3877; x_wconf 86' lang='lat' dir='ltr'>me</span> <span class='ocrx_word' id='word_1_240' title='bbox 2053 3810 2350 3880; x_wconf 88' lang='lat' dir='ltr'>irrideat.</span> <span class='ocrx_word' id='word_1_241' title='bbox 4152 3793 4159 3802; x_wconf 22' lang='grc' dir='ltr'>ἱ</span> 
     </span>
    </p>

    <p class='ocr_par' dir='ltr' id='par_1_10' title="bbox 947 3925 4194 4372">
     <span class='ocr_line' id='line_1_27' title="bbox 947 3925 4193 4027; baseline -0.002 -33"><span class='ocrx_word' id='word_1_242' title='bbox 947 3935 1003 3994; x_wconf 90' lang='lat'>7.</span> <span class='ocrx_word' id='word_1_243' title='bbox 1224 3926 1416 3993; x_wconf 88' lang='lat' dir='ltr'>Haris</span> <span class='ocrx_word' id='word_1_244' title='bbox 1463 3929 1706 3996; x_wconf 90' lang='lat' dir='ltr'>nobilis</span> <span class='ocrx_word' id='word_1_245' title='bbox 1733 3983 1751 4014; x_wconf 93' lang='lat'>,</span> <span class='ocrx_word' id='word_1_246' title='bbox 1809 3934 1993 3999; x_wconf 90' lang='lat' dir='ltr'>cuius</span> <span class='ocrx_word' id='word_1_247' title='bbox 2038 3958 2246 4026; x_wconf 86' lang='lat' dir='ltr'>genae</span> <span class='ocrx_word' id='word_1_248' title='bbox 2302 3958 2570 4006; x_wconf 90' lang='lat' dir='ltr'>ornatae</span> <span class='ocrx_word' id='word_1_249' title='bbox 2617 3959 2771 4008; x_wconf 89' lang='lat' dir='ltr'>sunt</span> <span class='ocrx_word' id='word_1_250' title='bbox 2813 3938 3157 4004; x_wconf 87' lang='lat' dir='ltr'>inauribus</span> <span class='ocrx_word' id='word_1_251' title='bbox 3184 3986 3204 4017; x_wconf 90' lang='lat'>,</span> <span class='ocrx_word' id='word_1_252' title='bbox 3270 3957 3567 4027; x_wconf 87' lang='lat' dir='ltr'>gemmea</span> <span class='ocrx_word' id='word_1_253' title='bbox 3620 3927 3934 3996; x_wconf 83' lang='lat' dir='ltr'>Makarae</span> <span class='ocrx_word' id='word_1_254' title='bbox 3983 3925 4193 3991; x_wconf 85' lang='lat' dir='ltr'>forma</span> 
     </span>
     <span class='ocr_line' id='line_1_28' title="bbox 1021 4044 4194 4149; baseline 0 -39"><span class='ocrx_word' id='word_1_255' title='bbox 1021 4044 1286 4126; x_wconf 87' lang='lat' dir='ltr'>nitidis,</span> <span class='ocrx_word' id='word_1_256' title='bbox 1339 4045 1508 4114; x_wconf 89' lang='lat' dir='ltr'>ssavo</span> <span class='ocrx_word' id='word_1_257' title='bbox 1556 4050 1796 4115; x_wconf 88' lang='lat' dir='ltr'>amictu</span> <span class='ocrx_word' id='word_1_258' title='bbox 1843 4050 2094 4134; x_wconf 90' lang='lat' dir='ltr'>induti,</span> <span class='ocrx_word' id='word_1_259' title='bbox 2144 4059 2713 4149; x_wconf 82' lang='lat' dir='ltr'>prosequentibus</span> <span class='ocrx_word' id='word_1_260' title='bbox 2765 4061 3221 4140; x_wconf 84' lang='lat' dir='ltr'>anachoretis,</span> <span class='ocrx_word' id='word_1_261' title='bbox 3275 4055 3698 4132; x_wconf 87' lang='lat' dir='ltr'>homiuibus,</span> <span class='ocrx_word' id='word_1_262' title='bbox 3748 4051 3968 4127; x_wconf 86' lang='lat' dir='ltr'>Divis,</span> <span class='ocrx_word' id='word_1_263' title='bbox 4022 4047 4194 4111; x_wconf 50' lang='lat' dir='ltr'>Asu*</span> 
     </span>
     <span class='ocr_line' id='line_1_29' title="bbox 1016 4168 4194 4262; baseline -0.001 -28"><span class='ocrx_word' id='word_1_264' title='bbox 1016 4170 1245 4260; x_wconf 87' lang='lat' dir='ltr'>risque</span> <span class='ocrx_word' id='word_1_265' title='bbox 1296 4172 1873 4261; x_wconf 80' lang='lat' dir='ltr'>praestantissimis</span> <span class='ocrx_word' id='word_1_266' title='bbox 1930 4176 2169 4259; x_wconf 88' lang='lat' dir='ltr'>cincti,</span> <span class='ocrx_word' id='word_1_267' title='bbox 2211 4178 2608 4248; x_wconf 88' lang='lat' dir='ltr'>recordatur</span> <span class='ocrx_word' id='word_1_268' title='bbox 2660 4206 2845 4248; x_wconf 87' lang='lat' dir='ltr'>mens</span> <span class='ocrx_word' id='word_1_269' title='bbox 2896 4208 3080 4262; x_wconf 89' lang='lat' dir='ltr'>mea,</span> <span class='ocrx_word' id='word_1_270' title='bbox 3151 4181 3313 4248; x_wconf 91' lang='lat' dir='ltr'>licet</span> <span class='ocrx_word' id='word_1_271' title='bbox 3355 4182 3556 4246; x_wconf 69' lang='lat' dir='ltr'>Rasae</span> <span class='ocrx_word' id='word_1_272' title='bbox 3608 4176 3956 4243; x_wconf 78' lang='lat' dir='ltr'>festivitate</span> <span class='ocrx_word' id='word_1_273' title='bbox 4003 4168 4194 4234; x_wconf 90' lang='lat' dir='ltr'>lasci-</span> 
     </span>
     <span class='ocr_line' id='line_1_30' title="bbox 1019 4294 1808 4372; baseline 0.009 -15"><span class='ocrx_word' id='word_1_274' title='bbox 1019 4294 1186 4372; x_wconf 83' lang='lat' dir='ltr'>viat,</span> <span class='ocrx_word' id='word_1_275' title='bbox 1241 4312 1306 4360; x_wconf 86' lang='lat' dir='ltr'>et</span> <span class='ocrx_word' id='word_1_276' title='bbox 1357 4318 1462 4359; x_wconf 88' lang='lat' dir='ltr'>me</span> <span class='ocrx_word' id='word_1_277' title='bbox 1513 4294 1808 4364; x_wconf 82' lang='lat' dir='ltr'>irrideat.</span> 
     </span>
    </p>

    <p class='ocr_par' dir='ltr' id='par_1_11' title="bbox 942 4415 4194 4752">
     <span class='ocr_line' id='line_1_31' title="bbox 942 4415 4191 4523; baseline -0.002 -37"><span class='ocrx_word' id='word_1_278' title='bbox 942 4424 998 4486; x_wconf 83' lang='lat'>8.</span> <span class='ocrx_word' id='word_1_279' title='bbox 1220 4415 1360 4482; x_wconf 88' lang='lat' dir='ltr'>Sub</span> <span class='ocrx_word' id='word_1_280' title='bbox 1411 4416 1797 4487; x_wconf 87' lang='lat' dir='ltr'>Kadambae</span> <span class='ocrx_word' id='word_1_281' title='bbox 1849 4423 2107 4491; x_wconf 88' lang='lat' dir='ltr'>arboris</span> <span class='ocrx_word' id='word_1_282' title='bbox 2161 4430 2451 4516; x_wconf 87' lang='lat' dir='ltr'>tegmine</span> <span class='ocrx_word' id='word_1_283' title='bbox 2509 4433 2929 4523; x_wconf 84' lang='lat' dir='ltr'>congregati,</span> <span class='ocrx_word' id='word_1_284' title='bbox 3001 4450 3290 4499; x_wconf 86' lang='lat' dir='ltr'>terrores</span> <span class='ocrx_word' id='word_1_285' title='bbox 3361 4453 3396 4494; x_wconf 91' lang='lat' dir='ltr'>e</span> <span class='ocrx_word' id='word_1_286' title='bbox 3468 4426 3735 4492; x_wconf 90' lang='lat' dir='ltr'>turbine</span> <span class='ocrx_word' id='word_1_287' title='bbox 3792 4420 3979 4488; x_wconf 83' lang='lat' dir='ltr'>Kalis</span> <span class='ocrx_word' id='word_1_288' title='bbox 4052 4417 4191 4482; x_wconf 79' lang='lat' dir='ltr'>aevi</span> 
     </span>
     <span class='ocr_line' id='line_1_32' title="bbox 1019 4538 4194 4645; baseline -0 -41"><span class='ocrx_word' id='word_1_289' title='bbox 1019 4538 1340 4607; x_wconf 87' lang='lat' dir='ltr'>oriundos</span> <span class='ocrx_word' id='word_1_290' title='bbox 1395 4540 1719 4624; x_wconf 89' lang='lat' dir='ltr'>sedantis,</span> <span class='ocrx_word' id='word_1_291' title='bbox 1765 4543 2006 4637; x_wconf 85' lang='lat' dir='ltr'>quidni</span> <span class='ocrx_word' id='word_1_292' title='bbox 2056 4571 2164 4614; x_wconf 89' lang='lat' dir='ltr'>me</span> <span class='ocrx_word' id='word_1_293' title='bbox 2217 4550 2640 4619; x_wconf 83' lang='lat' dir='ltr'>exhilarantis</span> <span class='ocrx_word' id='word_1_294' title='bbox 2687 4577 2885 4618; x_wconf 87' lang='lat' dir='ltr'>sensu</span> <span class='ocrx_word' id='word_1_295' title='bbox 2944 4571 3141 4645; x_wconf 88' lang='lat' dir='ltr'>atque</span> <span class='ocrx_word' id='word_1_296' title='bbox 3188 4550 3444 4632; x_wconf 89' lang='lat' dir='ltr'>oculis,</span> <span class='ocrx_word' id='word_1_297' title='bbox 3512 4570 3737 4615; x_wconf 88' lang='lat' dir='ltr'>amore</span> <span class='ocrx_word' id='word_1_298' title='bbox 3795 4539 4194 4610; x_wconf 82' lang='lat' dir='ltr'>exundanti-</span> 
     </span>
     <span class='ocr_line' id='line_1_33' title="bbox 1017 4661 4190 4752; baseline -0.001 -28"><span class='ocrx_word' id='word_1_299' title='bbox 1017 4662 1179 4741; x_wconf 90' lang='lat' dir='ltr'>bus,</span> <span class='ocrx_word' id='word_1_300' title='bbox 1233 4663 1424 4729; x_wconf 89' lang='lat' dir='ltr'>Haris</span> <span class='ocrx_word' id='word_1_301' title='bbox 1476 4664 1873 4734; x_wconf 86' lang='lat' dir='ltr'>recordatur</span> <span class='ocrx_word' id='word_1_302' title='bbox 1926 4693 2111 4735; x_wconf 88' lang='lat' dir='ltr'>mens</span> <span class='ocrx_word' id='word_1_303' title='bbox 2163 4695 2348 4752; x_wconf 87' lang='lat' dir='ltr'>mea,</span> <span class='ocrx_word' id='word_1_304' title='bbox 2399 4673 2563 4741; x_wconf 91' lang='lat' dir='ltr'>licet</span> <span class='ocrx_word' id='word_1_305' title='bbox 2616 4677 2816 4744; x_wconf 71' lang='lat' dir='ltr'>Rasac</span> <span class='ocrx_word' id='word_1_306' title='bbox 2871 4676 3217 4743; x_wconf 82' lang='lat' dir='ltr'>festivitate</span> <span class='ocrx_word' id='word_1_307' title='bbox 3268 4673 3562 4740; x_wconf 80' lang='lat' dir='ltr'>lasciviat</span> <span class='ocrx_word' id='word_1_308' title='bbox 3615 4689 3677 4735; x_wconf 90' lang='lat' dir='ltr'>et</span> <span class='ocrx_word' id='word_1_309' title='bbox 3728 4692 3834 4733; x_wconf 92' lang='lat' dir='ltr'>me</span> <span class='ocrx_word' id='word_1_310' title='bbox 3897 4661 4190 4730; x_wconf 81' lang='lat' dir='ltr'>irrideat.</span> 
     </span>
    </p>

    <p class='ocr_par' dir='ltr' id='par_1_12' title="bbox 940 4781 4193 5117">
     <span class='ocr_line' id='line_1_34' title="bbox 940 4781 4193 4891; baseline 0.002 -44"><span class='ocrx_word' id='word_1_311' title='bbox 940 4790 999 4851; x_wconf 82' lang='lat'>9.</span> <span class='ocrx_word' id='word_1_312' title='bbox 1215 4786 1458 4872; x_wconf 78' lang='lat' dir='ltr'>Forma</span> <span class='ocrx_word' id='word_1_313' title='bbox 1508 4787 2098 4873; x_wconf 67' lang='lat' dir='ltr'>Madhusddanae,</span> <span class='ocrx_word' id='word_1_314' title='bbox 2154 4793 2354 4888; x_wconf 87' lang='lat' dir='ltr'>longe</span> <span class='ocrx_word' id='word_1_315' title='bbox 2400 4798 2896 4878; x_wconf 80' lang='lat' dir='ltr'>venustissima,</span> <span class='ocrx_word' id='word_1_316' title='bbox 2940 4797 3333 4891; x_wconf 89' lang='lat' dir='ltr'>pelliciens,</span> <span class='ocrx_word' id='word_1_317' title='bbox 3393 4822 3430 4860; x_wconf 87' lang='lat' dir='ltr'>a</span> <span class='ocrx_word' id='word_1_318' title='bbox 3494 4795 3609 4886; x_wconf 90' lang='lat' dir='ltr'>pio</span> <span class='ocrx_word' id='word_1_319' title='bbox 3669 4807 3811 4855; x_wconf 81' lang='lat' dir='ltr'>vate</span> <span class='ocrx_word' id='word_1_320' title='bbox 3864 4781 4193 4878; x_wconf 55' lang='lat' dir='ltr'>Jayadssvn</span> 
     </span>
     <span class='ocr_line' id='line_1_35' title="bbox 1017 4904 4192 5008; baseline -0.002 -36"><span class='ocrx_word' id='word_1_321' title='bbox 1017 4905 1396 5000; x_wconf 86' lang='lat' dir='ltr'>descripta,</span> <span class='ocrx_word' id='word_1_322' title='bbox 1452 4911 1763 4979; x_wconf 88' lang='lat' dir='ltr'>conciliet</span> <span class='ocrx_word' id='word_1_323' title='bbox 1814 4939 1996 4983; x_wconf 88' lang='lat' dir='ltr'>nunc</span> <span class='ocrx_word' id='word_1_324' title='bbox 2049 4918 2317 5008; x_wconf 89' lang='lat' dir='ltr'>piorum</span> <span class='ocrx_word' id='word_1_325' title='bbox 2361 4920 2771 4989; x_wconf 82' lang='lat' dir='ltr'>voluntatem</span> <span class='ocrx_word' id='word_1_326' title='bbox 2821 4920 3275 4989; x_wconf 89' lang='lat' dir='ltr'>recordationi</span> <span class='ocrx_word' id='word_1_327' title='bbox 3329 4917 3464 4983; x_wconf 88' lang='lat' dir='ltr'>divi</span> <span class='ocrx_word' id='word_1_328' title='bbox 3496 4915 3708 4982; x_wconf 82' lang='lat' dir='ltr'>Haris.</span> <span class='ocrx_word' id='word_1_329' title='bbox 3777 4904 4192 4976; x_wconf 83' lang='lat' dir='ltr'>Recordatur</span> 
     </span>
     <span class='ocr_line' id='line_1_36' title="bbox 1011 5033 3529 5117; baseline 0.003 -22"><span class='ocrx_word' id='word_1_330' title='bbox 1011 5054 1201 5099; x_wconf 88' lang='lat' dir='ltr'>meus</span> <span class='ocrx_word' id='word_1_331' title='bbox 1256 5057 1401 5098; x_wconf 88' lang='lat' dir='ltr'>mea</span> <span class='ocrx_word' id='word_1_332' title='bbox 1457 5033 1701 5117; x_wconf 86' lang='lat' dir='ltr'>Haris,</span> <span class='ocrx_word' id='word_1_333' title='bbox 1757 5035 1916 5105; x_wconf 86' lang='lat' dir='ltr'>licet</span> <span class='ocrx_word' id='word_1_334' title='bbox 1961 5040 2166 5108; x_wconf 67' lang='lat' dir='ltr'>Rasna</span> <span class='ocrx_word' id='word_1_335' title='bbox 2220 5041 2568 5113; x_wconf 78' lang='lat' dir='ltr'>festivitate</span> <span class='ocrx_word' id='word_1_336' title='bbox 2621 5046 2915 5114; x_wconf 80' lang='lat' dir='ltr'>lasciviat</span> <span class='ocrx_word' id='word_1_337' title='bbox 2970 5066 3035 5113; x_wconf 86' lang='lat' dir='ltr'>et</span> <span class='ocrx_word' id='word_1_338' title='bbox 3081 5070 3186 5111; x_wconf 88' lang='lat' dir='ltr'>me</span> <span class='ocrx_word' id='word_1_339' title='bbox 3240 5041 3529 5110; x_wconf 85' lang='lat' dir='ltr'>irrideat.</span> 
     </span>
    </p>
   </div>
  </div>
 </body>
</html>
