4935 5819
1845 524 2364 613 Armorum
2426 518 2498 610 Ι.
2554 529 2632 609 3.
2697 527 2774 611 4.
3804 530 3898 615 ,71

728 765 1017 841 calceos
1057 766 1337 840 Ramae
1370 761 1609 870 capiti
1649 758 2021 867 imponit,
2052 781 2147 840 ut
2184 787 2363 838 eum
2399 787 2655 866 regem
2701 765 2847 842 sibi
2901 766 3468 872 imperaturum
3516 766 3916 871 significet.

729 890 944 961 Ram.
975 888 1067 977 ΙΙ,
1100 908 1124 954 ι
1147 908 1255 978 12,
1295 913 1320 961 ι
1355 909 1562 988 seqq.
1633 882 1751 960 Ad
1783 883 2005 990 pedes
2019 883 2500 963 Padmavatis
2530 906 2639 963 est
2672 888 3019 990 igitur-in
3046 888 3421 966 honorem
3436 889 3917 966 Padmavatis

729 1026 808 1085 et
843 1009 1248 1085 institutor
1289 1027 1402 1085 est
1444 1025 1671 1113 poeta
1708 1007 2150 1096 mimorum,
2183 1009 2324 1114 qui
2364 1006 2588 1086 deam
2622 1010 3159 1088 saltationibus
3197 1012 3660 1092 celebraturi
3703 1030 3911 1088 sunt.

728 1133 938 1206 Haec
975 1156 1018 1206 e
1057 1130 1637 1208 scholiastarum
1676 1129 2332 1236 disputationibus
2359 1150 2763 1210 mutuatus
2784 1158 2955 1209 sum
2991 1158 3134 1210 nec
3163 1134 3429 1211 falsam
3459 1165 3634 1215 reor
3670 1138 3910 1213 inter-

732 1255 1267 1359 pretationem,
1296 1254 1477 1330 licet
1506 1254 1740 1330 aliam
1777 1254 2131 1359 priorum
2152 1254 2567 1332 verborum
2595 1273 2892 1332 tentare
2916 1282 3225 1361 possem,
3265 1259 3326 1333 si
3364 1259 3659 1350 scirem,
3704 1259 3910 1338 ordi-

730 1402 908 1453 nem
929 1379 1288 1455 exstitisse
1309 1377 1840 1454 Charanorum
1858 1434 1879 1462 ‚
1900 1378 2041 1482 qui
2066 1379 2348 1455 annuis
2363 1377 2675 1455 Radhae
2698 1398 2776 1456 et
2795 1378 3174 1455 Krishnae
3204 1380 3407 1458 festis
3430 1381 3908 1459 celebrandis

726 1525 1041 1604 operam
1068 1517 1460 1576 navarent.
1517 1521 1682 1598 ἀῖ-ιη
1721 1500 1932 1575 enim
1954 1500 2187 1576 etiam
2217 1499 2593 1577 familiam
2630 1519 2708 1578 et
2731 1503 3069 1579 officium
3097 1501 3656 1581 hereditarium
3675 1504 3909 1607 signi-

730 1624 908 1699 ficat
944 1621 1125 1720 (vid.
1176 1625 1356 1699 Mal.
1389 1621 1651 1699 Madh.
1700 1624 1990 1728 prolog.
2044 1651 2117 1728 p.
2150 1623 2217 1697 5.
2267 1621 2384 1697 ed.
2438 1620 2716 1717 Bonn.)
2767 1643 2844 1699 et
2881 1622 3187 1701 dixisset
3230 1652 3308 1703 se
3357 1646 3583 1733 poeta
3627 1626 3906 1702 ducem

726 1744 1267 1821 Charanorum
1334 1744 1712 1834 familiae,
1779 1771 1825 1820 a
1875 1742 2320 1819 Padmavati
2387 1769 2669 1822 nomen
2743 1745 3118 1823 trahentis
3180 1772 3504 1853 eamque
3567 1749 3909 1824 colentis.

725 1865 1253 1946 Padmavatim
1299 1882 1560 1944 autem
1611 1892 1860 1971 quum
1913 1864 2106 1942 dicit
2171 1893 2315 1971 pro
2362 1868 2667 1960 Laxmi‚
2732 1869 3093 1946 meminit
3153 1871 3569 1976 Jayadevas
3629 1871 3906 1948 uxoris·

725 1987 905 2064 Vid.
953 1991 1049 2065 X.
1093 2015 1166 2088 9.
1266 1993 1369 2066 Et
1417 1988 1638 2066 addit
1685 1992 1771 2064 E.
1820 1983 1920 2061 erit
1969 1988 2301 2091 intelligi
2354 1991 2762 2092 coniugem
2812 2012 3102 2097 poetae.
3199 2016 3362 2066 πειτα
3422 1996 3756 2100 explieat
3801 1998 3904 2069 A:

725 2104 932 2182 nuffar
975 2105 1144 2182 aaa&
1186 2110 1408 2211 εῇτῑιτή
1453 2114 1858 2210 ςζππῐῖπῇῐῇ
1905 2133 2082 2183 mat:
2140 2138 2152 2180 ι
2222 2110 2457 2211 Quod
2507 2114 2859 2216 argutius
2899 2143 3138 2218 quam
3181 2117 3437 2194 verius
3487 2136 3601 2194 est
3647 2134 3725 2192 et
3752 2134 3914 2221 ety-

725 2259 911 2309 mon
964 2236 1161 2312 vocis
1210 2236 1448 2339 magis
1496 2234 1856 2312 obscurat
1904 2261 2142 2337 quam
2193 2236 2547 2336 explicat.
2613 2235 2792 2310 Vid.
2844 2237 2946 2311 ad
2993 2239 3258 2343 Hitop.
3312 2268 3384 2344 p.
3433 2266 3552 2314 αι.
3599 2240 3648 2313 1.
3699 2243 3813 2315 13.

922 2356 1118 2433 Dist.
1170 2362 1241 2433 3.
1342 2355 1797 2459 Alloquium
1870 2372 2017 2445 est,
2093 2352 2430 2431 subaudi
2508 2381 2687 2432 cum
2752 2356 2987 2434 schol.
3063 2353 3112 2445 ὲ
3165 2382 3372 2436 uma.
3497 2360 3741 2438 Schol.
3820 2362 3908 2440 E.

725 2481 1375 2556 Laxmanasenam
1440 2502 1739 2580 regem,
1825 2496 2247 2584 patronum
2323 2496 2596 2584 poetae
2654 2480 3065 2582 intelligit,
3147 2485 3404 2561 nescio
3486 2509 3651 2586 quo
3719 2484 3909 2559 iure.

723 2624 888 2698 ugfo
943 2594 1444 2701 τῆξ-(τώς
1503 2630 1516 2671 ι
1586 2598 3378 2702 Εῆπῑππῆπτιῦπεπᾍτηὲἣῖῦῦζῐέᾱῆηζεᾞτι
3434 2603 3917 2695 Ωᾶῇηἳϊ,11ῐ

732 2724 1089 2816 μαλακὸς.
1145 2723 1408 2831 Odyss.
1460 2731 1514 2802 I.
1569 2722 1686 2803 56.
1740 2725 2155 2818 μαλακοῖσι
2203 2721 2518 2819 λόγοισι.
3454 2799 3479 2813 ,,

931 2850 1127 2928 Dist.
1178 2857 1249 2947 4.
1351 2855 1657 2955 Integra
1708 2851 2061 2927 omnium
2108 2866 2643 2926 enarratorum
2695 2845 2986 2925 scholia
3035 2848 3134 2926 ad
3178 2850 3329 2928 hoc
3361 2849 3748 2929 distichon
3797 2877 3924 2928 ex·-

729 2973 1001 3049 hibere
1066 2999 1345 3081 operae
1415 2975 1757 3082 pretium
1833 2993 1974 3058 est,
2056 2990 2148 3049 ut
2209 2989 2621 3078 appareat,
2689 2972 3345 3074 quemadmodum
3402 2976 3710 3079 negotio
3778 3000 3916 3050 suo

727 3098 1059 3200 quisque
1103 3095 1596 3199 defungatur.

928 3210 3916 3319 A.=v3fflaffiaw³oewani=mwwmstnmzfflmrffiwffifflmffiuwffi.
