4935 5819
1674 1494 3006 1618 GiTAGoleDAs

1516 1779 2083 1846 LATINE
2216 1774 3159 1848 CONVERSUS.

3944 2254 4000 2321 Ι.

963 2334 1257 2427 Nubilis
1321 2361 1639 2449 nigrescit
1706 2383 1862 2441 aer,
1923 2378 2101 2427 atrae
2175 2377 2328 2426 sunt
2394 2360 2703 2451 regiones
2773 2355 3107 2423 silvestres
3171 2354 3463 2422 Tamalis
3528 2356 3919 2437 arboribus,
3946 2366 3999 2425 1.

747 2499 954 2547 noctu
1005 2478 1304 2572 pavescit
1351 2478 1500 2566 ille3
1555 2498 1624 2546 tu
1672 2480 1988 2574 quidem,
2042 2506 2081 2549 o
2134 2480 2399 2562 deha,
2452 2504 2609 2572 age,
2660 2481 2733 2546 in
2783 2479 2958 2546 hanc
3007 2476 3285 2545 domum
3337 2478 3653 2544 comitare
3707 2504 3919 2548 eum.«

749 2601 846 2666 Ita
888 2600 1065 2666 iussa
1109 2625 1146 2665 a
1188 2599 1424 2667 Nanda
1474 2600 1704 2668 Radha
1747 2601 2149 2673 Madhavam
2202 2601 2287 2670 ad
2338 2603 2653 2671 arborem
2704 2598 3115 2680 umbraculi,
3169 2600 3439 2666 semitae
3469 2601 3704 2683 vicini,
3759 2624 3922 2668 con-

746 2723 970 2805 venit,
1020 2721 1319 2815 indeque
1368 2725 1442 2790 in
1490 2725 1641 2818 ripa
1689 2725 2029 2794 Yamunae
2085 2725 2414 2795 exsultant
2462 2749 2723 2794 amores
2774 2749 3008 2793 eorum
3054 2723 3297 2791 arcani.

965 2843 1172 2914 Cuius
1233 2864 1573 2929 mentem,
1633 2849 1961 2942 parietem
2024 2846 2228 2919 veluti
2290 2848 2609 2943 picturis,
2670 2846 3025 2938 variegavit
3093 2844 3295 2911 rebus
3365 2869 3402 2909 a
3464 2869 3535 2912 se
3605 2845 3918 2938 gerendis
3939 2857 3996 2920 2.

747 2965 1172 3058 eloquentiae
1221 2968 1402 3052 Dea3
1468 2970 1586 3062 qui
1647 2970 2069 3063 imperatoris
2134 2972 2343 3038 instar
2409 2971 2648 3038 orbem
2721 2969 2896 3060 regit
2965 2965 3351 3034 saltatorum
3413 2965 3921 3034 Padmfivatidos

747 3085 1001 3153 cultum
1054 3086 1575 3157 celebrantium:
1628 3091 1707 3172 is,
1757 3109 1935 3159 vates
1959 3091 2347 3186 Jayadevas,
2400 3091 2635 3163 condit
2681 3091 2814 3160 hoe
2865 3113 3059 3184 opus,
3115 3089 3304 3183 quod
3353 3089 3511 3157 almi
3535 3088 3921 3159 Vasudevae

743 3209 1096 3275 amatorios
1148 3205 1333 3275 lusus
1383 3211 1765 3278 narratione
1819 3211 2308 3306 complectitur.

939 3328 1015 3398 Si
1057 3330 1529 3401 recordatione
1575 3332 1772 3400 Haris
1824 3332 2072 3427 gaudet
2115 3358 2305 3403 mens
2357 3353 2465 3403 tua
2492 3386 2512 3416 ,
2574 3336 2632 3402 si
2694 3334 2976 3402 deliciae
3048 3335 3172 3401 tibi
3236 3351 3391 3401 sunt
3443 3331 3916 3402 illecebrarum
3932 3342 3992 3406 3.

736 3449 1033 3520 moduli:
1089 3470 1232 3519 tum
1282 3453 1579 3521 ausculta
1604 3453 1866 3521 Suadae
1892 3453 2305 3549 Jayadevae,
2355 3480 2633 3536 suaves,
2681 3454 2957 3536 molles,
3008 3451 3296 3523 blandos
3346 3451 3558 3547 pedes
3597 3457 3912 3523 nectenti.

938 3571 1296 3641 Orationes
1340 3574 1686 3644 floridulas
1732 3576 1966 3646 condit
2020 3576 2640 3671 Umdpatidlzaras,
2692 3576 3048 3670 elegantias
3089 3577 3416 3646 sermonis
3470 3577 3739 3648 serendi
3777 3578 3913 3646 cal·
3927 3576 4017 3668 45'

739 3696 835 3763 let
880 3689 1283 3785 Jayade‘vas
1334 3695 1651 3789 quidem3
1709 3699 2027 3790 Caranus
2079 3698 2390 3766 laudatur
2442 3701 2530 3766 ob
2582 3697 2965 3765 facilitatem
3029 3699 3319 3765 obscure
3384 3698 3679 3767 dicendi.
3782 3701 3915 3782 Qui

737 3818 1052 3910 magistro
1088 3814 1606 3885 Govardhanae
1662 3817 2030 3885 aemulatur
2063 3821 2137 3884 in
2178 3819 2619 3913 dispositione
2647 3838 3189 3912 argumentorum
3224 3821 3643 3910 eximiorum,
3690 3843 3917 3888 amore

741 3938 1299 4033 conspicuorum,
1353 3939 1555 4009 homo
1602 3941 1879 4008 minime
1933 3937 2143 4027 cluet3
2186 3938 2511 4034 thyin,
2551 3943 2670 4035 qui
2720 3940 3018 4009 auditum
3064 3960 3385 4033 occupat,
3436 3966 3557 4010 rex
3611 3959 3710 4010 est
3735 3943 3921 4009 orbis

737 4082 1110 4154 poetarum.

938 4285 1068 4366 Qui
1121 4286 1194 4349 in
1243 4283 1442 4352 undis
1490 4287 1871 4381 cataclysmi
1920 4286 2144 4354 Vedas
2196 4286 2535 4355 indefesse
2589 4287 2899 4365 tenuisti,
2954 4286 3138 4351 navis
3188 4283 3672 4350 adminiculum
3721 4285 3914 4375 quasi
3934 4299 4113 4359 Cant,
4146 4300 4198 4361 1,

738 4410 835 4474 cis
886 4407 1435 4490 subministrans,
1489 4432 1527 4478 o
1579 4410 1842 4498 Kecava
1868 4460 1885 4489 ,
1940 4412 2056 4502 qui
2099 4412 2305 4503 piscis
2351 4409 2636 4478 formam
2683 4407 2996 4489 induisti,
3047 4430 3253 4488 euoe,
3316 4408 3570 4488 Hares,
3642 4404 3912 4473 dominc
3932 4402 3990 4461 5·

735 4528 992 4596 mundi.

941 4649 1258 4719 Constitit
1307 4668 1486 4718 terra
1532 4653 1604 4718 in
1657 4651 1858 4723 dorso
1916 4672 2027 4723 tuo
2079 4652 2280 4747 longe
2331 4651 2688 4735 latissimo,
2741 4649 2927 4745 quod
2988 4651 3076 4719 ob
3142 4647 3401 4717 telluris
3462 4652 3907 4742 Portationem
3929 4670 3989 4733 6,

737 4772 809 4835 in
863 4771 1098 4837 orbem
1148 4774 1462 4840 tuberum
1514 4777 1872 4856 extumuit,
1929 4801 1966 4842 o
2017 4777 2315 4863 Keqava,
2381 4778 2502 4868 qui
2551 4772 2905 4842 testudinis
2964 4770 3248 4840 sormam
3314 4769 3625 4853 induisti,
3706 4798 3910 4852 euoe,

736 4892 988 4973 Hares,
1039 4892 1276 4959 mundi
1328 4893 1619 4962 domine.

937 5013 1016 5079 In
1069 5020 1413 5083 cacumine
1453 5017 1754 5085 dentium
1797 5018 2215 5086 aduncorum
2261 5021 2620 5090 inhaerens
2671 5021 2898 5086 innixa
2949 5036 3050 5085 est
3082 5016 3302 5100 tellus,
3347 5018 3542 5085 sicuti
3576 5014 3912 5085 maculosa
3931 5039 3988 5100 7,

3400 5150 3508 5226 15
