4935 5819
1100 516 1180 574 vt
2322 490 2558 582 Gi'rA
2619 489 3035 582 GovmnA

1103 738 1473 814 Krishnas
1546 758 1623 813 et
1687 736 1949 812 Radha
2024 736 2508 814 coniunctim
2584 735 2685 812 ad
2755 736 3037 813 summi
3110 737 3457 813 numinis
3519 735 3977 839 dignitatem
4047 738 4287 815 evecti

1100 896 1314 970 sunt,
1368 905 1621 983 neque
1679 877 1779 954 ad
1827 878 2030 953 hanc
2100 879 2320 954 istius
2367 876 2934 984 superstitionis
2997 895 3275 953 sectam
3325 894 3626 953 certum
3670 894 3815 960 est,
3886 874 4332 961 referenda,

1101 1041 1252 1092 esse
1299 1016 1724 1120 Jayadevae
1774 1015 2150 1118 dogmata.
3455 1012 3470 1023 ’

1297 1159 1612 1230 Praeter
1660 1154 2137 1231 rhetoricum
2195 1182 2418 1261 opus,
2479 1152 3127 1236 Chandrdlokam,
3177 1152 3603 1259 Jayadevae
3654 1156 3893 1231 tribui
3949 1153 4169 1232 video
4208 1155 4283 1248 ²5³)

1096 1321 1365 1401 poema
1419 1293 1515 1369 de
1571 1298 1803 1369 Rama
1853 1314 1931 1369 et
1979 1298 2177 1384 Sita,
2231 1295 2453 1370 cuius
2480 1296 2618 1398 qui
2655 1295 3206 1371 circumfertur
3237 1293 3468 1371 index
3489 1293 3737 1369 Rama
3771 1294 4280 1395 Gitagovinda

1097 1435 1482 1537 genuinus
1536 1434 1808 1539 procul
1863 1433 2105 1510 dubio
2152 1461 2308 1510 non
2362 1454 2489 1510 est.
2593 1437 2787 1511 Nam
2836 1430 3162 1519 τῗιπτῆῐέιτζ
3201 1433 3397 1528 (non
3453 1428 3840 1522 fflfflrstffiz,
3894 1451 3983 1509 ut
4036 1433 4281 1507 voluit

1092 1574 1344 1649 Wilso
1394 1600 1447 1648 s.
1501 1602 1564 1646 v.
1619 1568 1773 1659 τῆπ,
1824 1574 2028 1648 Dict.
2075 1575 2363 1649 Sanscr.
2417 1573 2533 1649 ed.
2563 1576 2690 1651 alt.
2742 1574 2839 1650 cf.
2875 1576 2967 1651 G.
2999 1576 3089 1651 G.
3121 1577 3291 1665 XII,
3341 1573 3469 1668 28)
3517 1574 3900 1677 significat
3944 1598 4275 1655 carmen,

1091 1738 1250 1813 quo
1304 1712 1742 1787 celebratur
1792 1711 2215 1802 Govindas;
2266 1740 2424 1816 quo
2486 1714 2712 1790 titulo
2762 1713 3153 1817 quomodo
3199 1712 3350 1789 dici
3400 1715 3635 1819 possit
3682 1738 3953 1818 poema
4006 1711 4100 1788 de
4135 1717 4275 1787 Ra-

1093 1877 1251 1942 ma,
1307 1848 1517 1925 haud
1572 1876 1945 1954 assequor.

1289 1994 1419 2063 111.
1520 1991 1639 2064 De
1690 1993 2034 2068 carmine
2089 2013 2344 2072 nostro
2394 2021 2594 2097 quae
2650 1995 2727 2071 in
2778 1996 3221 2071 universum
3289 1994 3613 2071 dicenda
3663 1992 4024 2078 habeam,
4086 1994 4277 2068 haec

1091 2128 1251 2202 fere
1294 2147 1497 2204 sunt.
1600 2136 2166 2234 Argumentum
2218 2154 2355 2222 est,
2410 2153 2505 2210 ut
2555 2136 2913 2211 brevibus
2943 2137 3354 2241 explicem,
3405 2135 3782 2212 Krishnae
3834 2153 3911 2210 et
3942 2132 4270 2222 Radhae,

1084 2268 1548 2354 amantium,
1576 2270 1754 2360 irae,
1780 2272 2213 2374 amorisque
2242 2272 2814 2377 redintegratio.
2862 2274 3070 2352 Idem
3097 2303 3137 2352 a
3168 2276 3430 2351 multis
3455 2274 3826 2350 Indorum
3857 2273 4096 2378 poetis
4126 2292 4274 2348 tra-

1082 2426 1380 2485 ctatum
1425 2428 1534 2486 est
1592 2430 1756 2487 tum
1782 2414 2252 2504 Sanscritice,
2310 2433 2475 2490 tum
2528 2414 2873 2491 dialectis
2901 2417 3488 2509 recentioribus;
3540 2442 3628 2490 ac
3660 2413 4073 2520 praecipue
4102 2414 4273 2514 qui-

1093 2547 1269 2623 dem
1322 2546 1973 2649 Brajabhakhensi
2044 2572 2121 2627 et
2188 2554 2552 2631 Hindica.
2650 2558 3109 2659 Exemplum
3170 2555 3516 2633 laudavit
3564 2553 4110 2630 Colebrookius
4155 2560 4271 2627 As·

1086 2691 1244 2762 Res.
1271 2691 1368 2763 X.
1398 2694 1562 2785 413.
1668 2690 1922 2786 Quem
1973 2690 2454 2794 potissimum
2517 2694 2809 2769 fontem
2863 2714 3043 2771 ante
3093 2698 3355 2772 oculos
3396 2694 3765 2769 habuerit
3812 2690 4266 2794 Jayadsvas,

1088 2825 1587 2903 traditionem
1653 2831 2186 2936 popularem,
2278 2858 2378 2907 an
2475 2859 2744 2939 poema
2819 2833 3216 2938 quoddam
3294 2830 3944 2937 mythologicum,
4032 2857 4267 2935 quae-

1082 2967 1225 3043 stio
1300 2987 1409 3044 est
1440 3023 1463 3055 ‚
1544 2996 1783 3072 quam
1864 2968 2295 3046 diiudicare
2381 2997 2723 3076 nequeo,
2802 2974 3145 3078 suspicor
3242 2992 3496 3048 tamen
3575 2996 3754 3045 eum
3832 2971 3916 3045 in
3998 2969 4268 3074 primis

1077 3130 1497 3212 sequutum
1571 3111 1794 3188 fuisse
1864 3115 2288 3218 Bhagavata
2354 3118 2760 3219 puranam.
2860 3111 3043 3185 Plus
3108 3110 3318 3185 enim
3369 3137 3531 3186 uno
3584 3108 3934 3186 dramate
3980 3133 4072 3184 ex
4121 3108 4270 3184 hoc

1081 3245 1296 3323 fonte
1383 3247 1878 3355 desumptum
1943 3279 2093 3328 esse
2159 3255 2492 3339 scimus„
2572 3274 2664 3330 ut
2737 3251 2820 3323 V
2821 3249 3165 3351 idagdha
3240 3248 3661 3325 Mddhava.
3803 3246 3979 3322 Vid·
4042 3249 4265 3324 Wils·

1087 3384 1354 3462 theatr.
1409 3385 1582 3461 Ind.
1635 3393 1729 3463 ΙΙ.
1789 3396 1954 3481 293.
2059 3393 2256 3466 Utut
2305 3389 2495 3466 haec
2540 3393 2728 3475 sint,
2790 3393 2875 3466 in
2945 3409 3401 3493 argumento
3465 3418 3600 3468 suo
3679 3387 4078 3466 tractando
4165 3391 4268 3463 ita

1083 3545 1415 3601 versatus
1459 3547 1567 3602 est
1611 3545 1908 3617 noster,
1958 3549 2047 3606 ut
2103 3529 2326 3605 modo
2374 3533 2831 3620 Krislmam,
2883 3531 3110 3609 modo
3157 3532 3542 3620 Radham‚
3598 3533 3915 3633 eiusque
3945 3531 4270 3604 amicam

1085 3684 1483 3742 canentem
1539 3668 1924 3758 exhibeat,
1994 3697 2080 3744 ex
2158 3697 2292 3746 sua
2370 3672 2610 3774 ipsius
2682 3691 2941 3748 autem
3018 3697 3336 3775 persona
3415 3669 3825 3761 describat,
3901 3695 4101 3772 quae
4171 3671 4270 3744 sit

1086 3804 1697 3908 uniuscuiusque
1749 3807 2029 3882 harum
2083 3812 2649 3886 cantilenarum
2694 3836 2895 3886 ansa.
2997 3812 3119 3886 Sic
3169 3812 3423 3915 primo
3477 3809 3774 3884 cantico
3833 3808 4076 3883 amica
4130 3810 4270 3880 Ra-

1085 3938 1315 4030 dbae,
1374 3944 1789 4022 Krishnam
1845 3973 1979 4051 per
2028 3973 2339 4024 nemora
2392 3951 2880 4053 quaesitanti‚
2933 3949 3306 4040 declarat,
3353 3974 3534 4024 eum
3584 3975 3762 4023 cum
3817 3947 4098 4051 puellis
4139 3973 4266 4048 pa-

1079 4079 1403 4154 storiciis
1455 4107 1779 4156 vernum
1829 4103 2130 4189 tempus
2177 4085 2525 4164 saltando
2578 4088 2980 4164 celebrare.
3084 4092 3357 4164 Poetae
3415 4114 3507 4163 ex
3568 4113 3703 4163 sua
3771 4111 4093 4191 persona
4158 4086 4270 4159 lo·-

1081 4222 1389 4321 quentis
1436 4240 1546 4297 est
1591 4223 1760 4301 dist.
1818 4234 1871 4303 1.
1930 4231 2042 4302 26.
2096 4229 2384 4303 amicae
2451 4227 2657 4303 distr.
2731 4238 3012 4329 27-34.
3129 4233 3340 4306 Haec
3412 4248 3524 4305 est
3588 4228 3956 4334 poematis
4017 4226 4263 4302 forma

1077 4386 1218 4464 per
1266 4362 1507 4436 XXII·
1546 4365 1842 4441 cantica
1895 4365 2330 4459 decurrens,
2381 4371 2807 4473 praemissis
2857 4370 3164 4448 duobus
3216 4369 3386 4445 aliis
3437 4367 3524 4463 (1,
3559 4366 3763 4444 5-15
3817 4386 3895 4443 et
3961 4362 4265 4465 17-24·)

1078 4500 1160 4574 in
1234 4500 1606 4579 honorem
1675 4505 2070 4583 Krishnae.
2201 4508 2589 4584 Adiicitur
2658 4506 3054 4585 interdum
3132 4505 3444 4584 cuidam
3508 4507 3810 4583 cantico
3876 4500 4264 4578 distichon

1073 4641 1415 4718 eiusdem
1465 4650 1938 4750 argumenti,
1992 4646 2121 4723 sed
2170 4651 2477 4724 musicis
2529 4647 2862 4725 modulis
2916 4676 3073 4725 non
3126 4646 3619 4753 adaptatum,
3687 4645 3924 4719 immo
3988 4643 4260 4746 plura3

1073 4832 1163 4842 ..-
1190 4832 1365 4841 —--——-

1200 4955 1250 5032 ⁶)
1295 4953 1433 5014 Cat.
1471 4955 1664 5019 Msstt.
1709 4954 1910 5015 Maek.
1940 4956 1983 5014 Ι.
2027 4977 2093 5036 p.
2143 4954 2281 5023 103.
2329 4958 2951 5041 Ramagitagovinda,
2999 4981 3033 5020 a
3082 4968 3174 5021 set
3211 4961 3287 5020 of
3321 4966 3610 5038 amatory
3639 4974 3862 5029 verses,
3909 4950 4158 5033 applied
4191 4958 4257 5009 to

1318 5062 1455 5124 Sita
1497 5060 1619 5121 and
1662 5062 1854 5122 Ratua
1879 5108 1897 5138 ,
1945 5062 2067 5124 like
2110 5064 2287 5126 those
2334 5087 2416 5127 on
2458 5066 2690 5130 Radha
2744 5075 2808 5129 et
2843 5067 3115 5129 Krislma
3157 5066 3279 5127 and
3320 5066 3406 5148 by
3454 5063 3560 5125 the
3601 5081 3766 5123 same
3807 5058 4057 5121 author.
