4935 5819
990 521 1155 604 132
2233 514 2474 610 Gi‘ra
2525 516 2937 612 Govmna

664 766 841 829 Cant.
869 765 968 832 17.
989 767 1204 861 possit
1253 764 1488 835 audiri.
1551 769 1755 851 Proh,
1808 794 2040 865 apage,
2092 770 2239 851 vah,
2276 766 2630 849 Madhava‚
2682 789 2889 861 apage
2919 764 3205 853 Kecava,
3254 761 3398 831 noli
3449 780 3832 831 sermonem
3863 756 4168 827 fallacem

988 891 1342 985 proferre3
1411 917 1730 987 sequere,
1803 918 1842 963 ο
1916 896 2334 990 nymphaeae
2398 893 2768 986 aquigenae
2845 885 3058 957 oculis
3126 883 3626 981 aequiparande
3653 934 3672 966 ,
3740 907 3924 964 eam,
3998 906 4170 976 quae

988 1017 1383 1083 maestitiam
1427 1034 1605 1083 tuam
1656 1016 1849 1086 tollit.
2357 1006 2362 1019 ⁸

876 1142 970 1203 10.
1192 1137 1415 1219 Quum
1438 1155 1675 1230 pectus
1706 1136 1886 1207 istud
1918 1158 2127 1220 tuum,
2173 1139 2576 1207 rubescente
2603 1136 2845 1203 umbra
2870 1132 3244 1214 inductum,
3299 1131 3643 1224 conspicio
3670 1181 3690 1212 ,
3744 1133 3935 1223 quasi
3987 1153 4172 1197 amo-

985 1257 1079 1323 ris
1125 1257 1313 1350 signo
1366 1276 1549 1326 extra
1604 1262 1968 1342 emicante,
2034 1262 2292 1355 quippe
2359 1260 2516 1330 fuco
2575 1286 2657 1328 ex
2720 1278 2973 1327 amatae
3041 1256 3335 1350 pedibus
3402 1254 3725 1347 decerpto
3803 1253 4169 1331 imbutum,

983 1374 1337 1443 infandum
1388 1380 1555 1445 mihi
1598 1399 1822 1449 movet
1878 1400 2184 1476 aspectus
2237 1402 2386 1451 tuus
2436 1381 2807 1477 pudorem,
2872 1381 2963 1450 ob
3026 1398 3376 1473 rupturam
3446 1377 3670 1470 magni
3733 1377 3864 1442 mei
3929 1377 4168 1443 amoris

987 1523 1142 1592 erga
1195 1518 1258 1567 te
1308 1500 1837 1596 promulgatam,
1882 1529 1923 1572 o
1979 1504 2362 1598 deceptor.«

868 1961 964 2022 11.
1181 1954 1458 2024 Mandis
1505 1954 1747 2049 gaudio
1803 1960 1887 2025 sit
1918 1956 2196 2025 Nandae
2247 1957 2424 2025 filius
2469 1958 2606 2040 ille,
2661 1961 2800 2053 qui,
2846 1957 3100 2041 hilaris,
3150 1958 3347 2025 hilari
3390 1980 3506 2026 ore
3560 1956 3887 2041 arridens,
3937 1940 4173 2023 limium

986 2075 1338 2146 oculorum
1389 2080 1701 2146 intuitum
1756 2082 1827 2147 in
1879 2080 2067 2148 vultu
2119 2080 2391 2149 Radhae
2461 2079 2738 2173 defigit,
2812 2078 2974 2146 dum
3048 2078 3264 2147 libere
3330 2080 3787 2172 quassatisque
3849 2077 4171 2142 membris

977 2197 1222 2265 irridet
1275 2200 1639 2266 amicarum
1691 2201 1917 2283 orbis,
1968 2226 2164 2269 mane
2219 2205 2781 2295 conspicientium
2825 2204 3046 2271 sinum
3087 2201 3357 2271 Radhae
3410 2203 3573 2269 flava
3623 2221 3773 2294 toga
3823 2202 4170 2277 amictum,

927 2388 934 2395 ,
978 2322 1434 2416 amasiumque
1489 2324 1629 2392 eius
1676 2323 1979 2391 divinum
2029 2324 2218 2395 fusco
2270 2325 2481 2418 pallio
2535 2324 2866 2392 indutum.

832 2741 964 2817 IX.
1184 2741 1349 2808 Eam
1399 2741 1689 2826 deinde,
1742 2767 1968 2813 amore
2020 2764 2271 2829 ustam,
2316 2748 2673 2842 voluptatis
2728 2747 2983 2841 gaudiis
3048 2750 3408 2841 privatam,
3455 2747 3774 2813 maestitia
3829 2744 4161 2823 affectam,

914 2859 966 2921 1·
990 2863 1185 2931 Haris
1237 2862 1534 2934 facinora
1587 2865 2067 2951 meditantem,
2115 2870 2214 2935 ira
2267 2870 2610 2955 obrutam,
2663 2870 2849 2940 affata
2902 2889 3002 2940 est
3053 2869 3226 2938 clam
3269 2872 3518 2938 amica:

655 2990 835 3050 Cant.
875 2969 969 3055 18'.
1149 3011 1162 3021 ·
1192 2988 1443 3054 ”Hares
1496 2991 2036 3083 appropinquat,
2092 2993 2387 3084 spirante
2436 2998 2771 3081 Favoni03
2831 2976 3057 3061 maior·
3101 3017 3273 3087 quae
3324 3012 3424 3061 est
3469 2993 3635 3074 hac,
3694 3017 3734 3062 o
3783 2995 4028 3073 amica,
4096 2993 4165 3056 in

909 3097 968 3160 2·
986 3107 1241 3177 mundo
1294 3110 1618 3178 felicitas?
1719 3115 1902 3208 Age,
1956 3139 1995 3183 o
2047 3116 2407 3199 iracunda,
2454 3118 2594 3184 irae
2643 3117 2717 3181 in
2764 3113 3165 3182 Madhavam
3214 3113 3359 3182 noli
3404 3111 3780 3207 indulgere.

903 3241 965 3303 3.
1186 3233 1328 3298 Cur
1377 3235 1827 3302 infructuosos
1878 3237 2112 3305 reddis
2157 3239 2465 3331 globulos
2515 3236 2961 3331 papillarum,
3009 3235 3348 3331 voluptate
3410 3235 3859 3330 repletarum,
3911 3234 4169 3329 palma·

984 3376 1140 3419 rum
1187 3352 1516 3422 fructibus
1582 3358 2003 3450 graviorum?
2105 3359 2285 3452 Age,
2338 3383 2376 3427 o
2427 3359 2788 3442 iracunda,
2839 3361 2977 3426 irae
3027 3363 3100 3426 in
3146 3358 3544 3427 Madhavam
3593 3358 3734 3425 noli
3784 3355 4165 3451 indulgere.

900 3479 959 3545 4.
1184 3477 1459 3560 Quoties
1514 3477 1770 3546 dictum
1819 3480 1952 3548 hoe
2001 3504 2143 3548 non
2191 3484 2513 3576 repetivi:
2564 3481 2708 3551 noli
2758 3481 3121 3576 repudiare
3172 3483 3455 3564 Harem,
3518 3502 3943 3573 summopere
4010 3481 4169 3545 niti-

978 3595 1162 3663 dum.
1260 3599 1445 3692 Age,
1500 3624 1539 3668 o
1591 3601 1948 3685 iracunda,
2001 3604 2140 3670 irae
2190 3606 2263 3670 in
2314 3603 2716 3673 Madhavam
2766 3604 2914 3672 noli
2962 3603 3341 3696 indulgere.
3826 3697 3837 3702 ,

901 3720 960 3785 5.
1177 3721 1359 3804 Quid
1410 3725 1500 3791 ita
1548 3749 1844 3807 maeres,
1895 3725 2240 3809 lacrimas,
2293 3727 2528 3796 irrita?
2629 3727 2873 3797 irridet
2916 3745 2981 3796 te
3026 3745 3202 3796 totus
3235 3727 3601 3794 amicarum
3653 3741 3899 3794 coetus.
3998 3723 4165 3817 Age,

978 3867 1016 3911 o
1063 3845 1425 3930 iracunda,
1476 3849 1615 3916 irae
1665 3851 1738 3915 in
1780 3849 2184 3920 Maidhavam
2226 3852 2370 3920 noli
2419 3852 2799 3947 indulgere.

897 3964 958 4031 6.
1178 3969 1258 4035 In
1322 3969 1536 4051 lecto,
1612 3970 1789 4038 foliis
1853 3975 2382 4067 nymphaearum
2449 3976 2652 4069 guttis
2718 3972 3109 4043 stillantium
3178 3988 3418 4052 stram,
3489 3968 3807 4063 conspice
3870 3969 4159 4050 Harcm3

975 4088 1207 4159 oeulos
1258 4090 1362 4158 fac
1410 4110 1555 4160 tuos
1606 4092 2009 4165 fructiferos,
2080 4096 2292 4188 'Age,
2334 4119 2374 4164 o
2425 4093 2787 4178 iracunda,
2836 4097 2975 4160 irae
3028 4096 3099 4161 in
3135 4091 3539 4161 Madhavam
3590 4089 3731 4158 noli
3785 4086 4158 4181 indulgere.

895 4217 954 4278 7.
1174 4210 1355 4295 Quid
1405 4238 1631 4282 moves
1682 4239 2072 4282 aerumnam
2124 4215 2325 4283 talem
2373 4217 2632 4286 menti?
2734 4219 3003 4285 Morem
3055 4240 3215 4309 gere
3244 4215 3540 4283 sermoni
3570 4237 3746 4295 meo,
3797 4212 4161 4280 seiunctio-

971 4356 1129 4398 nem
1182 4331 1613 4402 dissuadenti.
1714 4336 1896 4431 Age,
1949 4361 1989 4405 ο
2039 4337 2401 4423 iracunda,
2455 4342 2592 4409 irae
2636 4343 2710 4408 in
2745 4338 3150 4407 Madhavam
3197 4336 3340 4406 noli
3388 4335 3764 4430 indulgere.

892 4459 953 4520 8.
1171 4453 1393 4522 Adeat
1433 4457 1684 4541 Hares,
1737 4458 1946 4526 multa
1995 4458 2249 4527 blanda
2300 4460 2526 4547 dicat3
2574 4461 2743 4556 quid
2790 4463 2937 4556 ipsa
2978 4485 3098 4531 cor
3146 4480 3337 4529 tuum
3386 4462 3488 4527 ira
3541 4455 3930 4526 conflictas?
3993 4455 4158 4547 Age,

975 4595 1014 4643 o
1060 4577 1418 4661 iracunda,
1469 4582 1609 4646 irae
1652 4583 1723 4646 in
1773 4581 2174 4652 Madhavam
2223 4584 2364 4651 noli
2414 4584 2788 4680 indulgere.

895 4693 952 4757 9·
1172 4700 1367 4767 Haris
1420 4700 1751 4785 facinora,
1830 4701 2030 4795 longe
2091 4703 2541 4795 pulcerrima,
2605 4732 2643 4773 a
2705 4709 2822 4800 pio
2885 4704 3218 4801 Jayadeva
3282 4703 3662 4797 descripta,
3740 4697 4159 4769 beatitudine

974 4818 1261 4886 afficiant
1308 4825 1692 4889 amatoriam
1736 4842 2022 4917 gentem.
2122 4825 2305 4920 Age,
2349 4851 2390 4897 o
2442 4829 2807 4907 iracunda,
2854 4831 2993 4897 irae
3044 4831 3116 4897 in
3145 4827 3548 4897 Madhavam
3590 4824 3733 4894 noli
3783 4823 4158 4917 indulgere.

859 4941 952 5007 10.
1175 4940 1530 5036 Siquidem
1603 4944 1916 5014 devotum
1988 4947 2299 5042 obiurgas
2328 4999 2348 5030 ,
2420 4973 2834 5043 prostratum
2899 4956 3336 5051 pertinaciter
3400 4950 3758 5044 repudias,
3828 4966 4157 5016 amantem

973 5061 1208 5148 odisti,
1254 5064 1646 5161 vultumque
1699 5072 1936 5136 avertis
1984 5096 2020 5137 a
2069 5069 2322 5139 blande
2374 5073 2834 5169 adspiciente,
2903 5099 2945 5146 o
2996 5077 3249 5145 amica:
3320 5072 3478 5143 ideo
3540 5097 3667 5167 par
3735 5089 3869 5152 est,
3938 5087 4014 5137 ut
4073 5069 4160 5136 sit
