4935 5819
1974 440 2630 533 Paotmoumu
2695 439 2816 529 ΙΙ.
3889 469 3971 531 ιιι

995 676 1287 767 Nomen
1336 690 1576 793 patris
1626 685 2084 790 Ehojsdeva,
2156 687 2425 765 matris
2470 686 2878 763 Ramadevt
2937 687 3093 790 ipse
3143 683 3568 790 posteritati
3622 682 3974 761 tradidis-

792 848 905 905 set
959 828 1244 917 noster,
1288 827 1349 903 si
1406 827 1571 903 eins
1618 845 1847 915 esset,
1898 824 2110 931 quod
2162 826 2321 902 fine
2369 827 2740 932 poematis
2787 825 3074 927 legitur
3106 823 3509 901 distichon·
3617 828 3970 903 Attamen

793 986 962 1073 post
1040 967 1625 1043 conclusionem
1670 967 2039 1072 poematis
2118 966 2197 1043 id
2261 969 2639 1065 παρέλκει,
2713 965 3146 1043 inseruisset
3212 963 3605 1050 notitiam,
3667 963 3807 1065 qui
3863 982 3973 1039 est

791 1131 950 1180 mos
1011 1128 1233 1193 suus,
1298 1101 1715 1206 Jayadevas
1779 1106 2213 1180 cantilenae
2275 1103 2626 1193 cuidam,
2699 1121 2778 1182 et
2845 1122 3097 1181 movet
3163 1128 3443 1181 nomen
3500 1099 3972 1204 Bbojadevae

787 1241 1348 1345 suspicionem,
1418 1269 1657 1344 quam
1712 1243 1795 1317 in
1851 1244 2354 1319 annotatione
2406 1242 2489 1317 in
2550 1226 2894 1317 medium
2962 1240 3280 1346 protuli.
3396 1244 3650 1317 Potest
3716 1258 3971 1318 tamen

790 1378 1130 1455 indicata
1163 1406 1338 1467 esse,
1366 1407 1521 1483 qua
1551 1379 1825 1458 vixerit
1852 1401 2098 1459 aetate
2121 1381 2538 1485 Jayadevas
2565 1385 2959 1461 mentione
2988 1380 3271 1483 Bhojae
3306 1382 3522 1485 regis,
3573 1383 3714 1485 qui
3766 1382 3972 1458 inter

786 1547 1029 1597 annos
1068 1548 1141 1625 p.
1176 1519 1351 1600 Chr.
1393 1522 1652 1596 n.ML.
1703 1538 1782 1598 et
1830 1524 1996 1598 MC.
2043 1523 2402 1625 regnavit.
2466 1520 3063 1599 Vid.Toddium
3112 1539 3187 1599 et
3213 1521 3516 1599 Colebr.
3573 1520 3658 1597 in
3700 1522 3968 1597 Trans.

783 1663 944 1735 Soc.
997 1666 1117 1735 As.
1173 1658 1415 1734 Lond.
1473 1659 1524 1728 1.
1582 1666 1745 1736 223.
1800 1668 1966 1737 231.
2066 1663 2456 1738 Nimirum
2522 1659 2670 1749 ita,
2721 1678 2816 1737 ut
2884 1658 3040 1736 istis
3095 1659 3436 1736 versibus
3487 1658 3782 1737 dictum
3832 1659 3967 1746 sit,

786 1797 1281 1900 posteriorem
1346 1822 1497 1872 esse
1556 1796 2015 1902 Jayadevam
2078 1797 2313 1901 Bhoja
2382 1817 2460 1875 et
2512 1798 2755 1903 poetis
2816 1794 3530 1885 annumerandum,
3601 1795 3742 1899 qui
3802 1815 3969 1899 post

788 1931 1106 2035 Bhojam
1144 1955 1536 2012 mortuum
1582 1936 2015 2015 floruerint.
2086 1942 2279 2015 Nam
2326 1938 2593 2016 eadem
2643 1957 2846 2017 aetas
2884 1939 3203 2042 utrique
3235 1938 3480 2017 tribui
3515 1964 3670 2015 non
3704 1957 3966 2043 potest·

781 2075 899 2149 De
975 2103 1129 2178 qua
1214 2101 1296 2151 re
1361 2104 1536 2153 mox
1619 2075 1892 2155 dicam.
2031 2081 2301 2156 Uxoris
2361 2105 2645 2157 nomen
2712 2077 3156 2155 Padmavati
3235 2076 3562 2155 carmini
3641 2076 3968 2155 inseruit

781 2233 1030 2318 poeta.
1096 2217 1193 2290 X.
1238 2242 1306 2313 9.

977 2354 1072 2428 11.
1173 2353 1479 2431 Videtis
1530 2356 1718 2432 haee
1766 2360 2036 2462 exigua
2089 2385 2286 2446 esse,
2330 2385 2586 2464 neque
2637 2356 3059 2443 eiusmodi,
3113 2376 3208 2433 ut
3259 2356 3475 2446 inde,
3543 2354 3760 2459 quod
3809 2382 3965 2431 ma-

781 2493 966 2567 ioris
1016 2491 1239 2569 nobis
1291 2512 1480 2569 esset
1528 2495 1947 2585 momenti,
2012 2495 2109 2573 de
2170 2517 2456 2586 aetate,
2521 2496 2943 2598 ceterisque
2989 2492 3418 2599 Jayadevae
3481 2492 3713 2569 rebus
3776 2498 3966 2570 certi

780 2628 977 2732 quid
1026 2632 1197 2706 erui
1242 2632 1491 2737 possit.
1594 2635 1790 2710 Nota
1836 2653 1944 2711 est
1986 2635 2254 2740 opinio
2303 2637 2630 2723 sonesti,
2680 2637 2834 2712 sive
2882 2636 3142 2743 potius
3181 2633 3720 2736 magistrorum
3745 2631 3959 2709 Indi-

778 2795 1087 2858 corum,
1140 2795 1184 2845 a
1235 2771 1523 2874 quibus
1564 2771 1851 2850 Indicis
1900 2774 2177 2851 litteris
2228 2773 2818 2861 instituebatur,
2868 2774 3335 2852 anteriorem
3377 2773 3605 2853 fuisse
3635 2771 3958 2877 Jayade-

781 2936 949 2983 vam
1004 2906 1399 3002 Kalidasa,
1450 2939 1689 3017 quam
1739 2916 2200 2992 sententiam
2246 2915 2373 2991 vix
2422 2914 2658 2991 hodie
2719 2917 2926 2990 ullus
2983 2942 3201 2991 suam
3273 2913 3522 2989 faciet.
3638 2911 3960 2988 Redolet

768 3048 981 3124 enim
1031 3050 1548 3154 Gitagovinda
1600 3050 1944 3131 indolem
1996 3055 2162 3131 aevi
2205 3056 2434 3160 longe
2479 3057 2941 3162 posterioris.
3039 3059 3343 3141 Sermo,
3407 3052 3592 3129 lieet
3651 3078 3696 3127 a
3760 3052 3959 3129 cala-

768 3188 1056 3265 mistris
1099 3191 1658 3283 Bhavabhutis‚
1709 3199 1942 3299 atque
1992 3223 2038 3272 a
2088 3194 2422 3274 dumetis
2454 3195 2888 3301 Nalodayae
2934 3221 3180 3299 aeque
3233 3195 3682 3280 abhorreat,
3731 3211 3811 3270 et
3857 3192 3956 3268 ad

770 3329 1104 3406 nitidam
1138 3332 1530 3410 Kelidasae
1577 3336 2037 3439 elegantiam
2081 3338 2382 3443 saepius
2431 3336 2761 3427 accedat,
2813 3337 3225 3412 verborum
3269 3334 3669 3412 interdum
3717 3362 3958 3439 quam

768 3494 1031 3545 rerum
1069 3489 1180 3548 est
1206 3471 1619 3549 studiosior
1650 3493 1727 3550 et
1767 3501 1810 3550 a
1867 3475 2285 3578 tautologia
2329 3502 2490 3551 non
2544 3499 2855 3582 prorsus
2903 3474 3241 3559 alienus3
3299 3471 3694 3548 interdum
3726 3473 3958 3548 nimis

760 3633 947 3683 sane
1003 3610 1272 3687 lusitat
1342 3612 1427 3688 in
1495 3612 1760 3688 eadem
1839 3614 2169 3718 imagine
2223 3614 2612 3691 varianda.
2728 3614 3254 3720 Participiales
3305 3612 3858 3690 adiee'tivorum
3908 3641 3952 3688 a

767 3746 1218 3823 nominibus
1278 3750 1794 3826 oriundorum
1862 3753 2153 3828 formae
2221 3753 2434 3847 (nam
2502 3751 3168 3827 denominativum
3228 3748 3571 3827 eiusdem
3634 3749 3955 3851 originis

764 3886 1090 3964 verbum
1122 3915 1282 3965 non
1314 3889 1611 3992 ubique
1637 3890 2179 3968 assumendum
2216 3892 2357 3989 est)
2405 3919 2449 3969 a
2503 3892 3061 3969 recentioribus
3089 3893 3330 3998 poetis
3363 3892 3685 3968 omnino
3719 3893 3954 3994 magis

766 4026 1394 4130 frequentantur,
1441 4057 1679 4133 quam
1707 4032 1807 4107 ab
1833 4033 2212 4136 antiquis3
2259 4032 2355 4107 cf·
2409 4055 2610 4133 quae
2653 4032 3017 4108 annotavi
3067 4028 3166 4106 ad
3202 4032 3460 4135 Hitop.
3495 4035 3548 4105 1.
3575 4027 3645 4103 d.
3673 4055 3746 4128 9.
3801 4029 3949 4102 Ka-

766 4163 1053 4241 lidasae
1081 4185 1355 4260 tamen,
1391 4189 1484 4247 ut
1525 4191 1809 4248 taceam
1849 4172 2452 4259 Bhavabbutem‚
2506 4170 2831 4247 minime
2859 4188 3045 4249 sunt
3089 4169 3518 4246 inusitatae.
3576 4168 3945 4272 Exempla

766 4329 908 4409 per
935 4305 1528 4408 Gitagovindam
1570 4309 1780 4386 baud
1814 4339 2059 4418 pauca
2095 4314 2632 4390 inveniuntur.
2696 4309 2938 4413 Magis
2964 4307 3489 4386 memorabilia
3511 4325 3713 4396 sunt,
3747 4331 3950 4409 quae

766 4445 901 4518 IV.
969 4468 1052 4518 ιο
1096 4443 1498 4546 leguntur,
1545 4446 2118 4531 denominativa
2169 4454 2438 4542 verba,
2490 4448 3126 4554 quandoquidem
3162 4449 3576 4554 composita
3628 4446 3944 4522 nomina

765 4576 849 4651 in
880 4576 1293 4655 verborum
1319 4578 1647 4659 formam
1677 4587 1956 4673 abiere,
1982 4590 2352 4692 qualibus
2381 4592 2508 4668 vix
2537 4616 2720 4667 usus
2754 4590 3019 4666 fuisset
3046 4586 3452 4664 Kalidasas.
3521 4584 3640 4663 Ad
3658 4603 3945 4662 certam

765 4731 1088 4790 aetatem
1146 4734 1399 4793 tamen
1443 4744 1532 4794 ea
1583 4721 1853 4799 referri
1908 4752 2120 4832 posse
2169 4730 2396 4834 longe
2444 4731 2713 4809 absum
2758 4751 2852 4809 ut
2887 4729 3211 4809 credam·
3289 4726 3532 4831 Magis
3566 4726 3723 4803 huc
3759 4723 3945 4801 facit

763 4877 1125 4931 versuum
1177 4860 1410 4950 ratio,
1461 4886 1664 4965 quae
1711 4891 1757 4940 a
1805 4868 2212 4946 cantilenis
2261 4870 2734 4948 Sanscriticis
2782 4865 2996 4977 apud
3057 4866 3475 4945 anteriores
3519 4866 3774 4942 aliena
3835 4882 3946 4940 est

764 5012 843 5070 et
887 4993 971 5071 in
1021 4999 1485 5079 Sanscritam
1531 5031 1577 5081 a
1625 5007 2063 5086 Pracriticis
2114 5012 2400 5115 linguis
2454 5012 2725 5088 tralata
2771 5007 3096 5086 videtur·
3179 5005 3488 5083 Accedit
3529 5006 3943 5083 concinen-
