4935 5819
1902 495 2558 588 Paotsscomssm
2621 497 2782 589 IV.
3815 537 3902 592 xi

717 746 834 818 vel
889 760 1121 820 actus.
1224 742 1637 844 Prologum
1682 740 2263 846 praetermitto,
2316 743 2456 845 qui
2509 742 2688 820 satis
2736 744 2941 819 clare
2988 771 3029 820 a
3081 745 3585 847 sequentibus
3633 745 3900 825 dister-

722 886 1087 961 minatur.
1191 879 1426 980 Quod
1475 880 1576 958 ad
1636 899 1888 959 cetera
1947 880 2320 987 pertinet,
2379 908 2467 959 ea
2538 882 2755 959 hunc
2829 884 2914 961 in
2989 881 3310 960 modum
3382 882 3903 992 dispertienda

715 1048 868 1100 esse
915 1022 1116 1100 mihi
1163 1021 1569 1099 videntur:
1621 1022 1958 1099 Canticc.
2009 1023 2364 1113 III-VI,
2418 1022 2754 1100 Canticc.
2802 1025 3208 1115 VII—IX,
3256 1027 3504 1102 Cantt.
3556 1027 3902 1115 Χ-ΧΙΙ,

714 1165 969 1238 Caute.
996 1162 1429 1251 XIII-XVI,
1482 1159 2314 1246 Cantt.XV11-XV111‚
2356 1162 2603 1238 Cantt.
2628 1162 3049 1246 xlx-XXI,
3090 1162 3903 1240 Cantt.XX11-XX1V.

711 1279 1204 1408 Septenarius
1251 1319 1570 1378 actuum
1617 1325 1989 1378 numerus
2040 1300 2128 1378 in
2167 1326 2387 1377 scena
2419 1319 2530 1377 est
2572 1300 3126 1380 usitatissimus.
3188 1300 3640 1379 Omittenda
3686 1303 3903 1380 iuxta

712 1443 919 1522 hanc
969 1444 1346 1521 rationem
1371 1461 1616 1519 essent
1644 1438 1971 1519 disticha
2010 1440 2271 1517 finalia
2304 1442 2566 1548 capitt.
2592 1442 2647 1527 l,
2678 1446 2806 1534 ΙΙΙ,
2832 1445 2928 1535 V,
2958 1446 3166 1535 vm,
3194 1444 3271 1519 X
3297 1460 3373 1519 et
3403 1443 3901 1521 inserendum

714 1587 853 1674 XI,
897 1590 995 1682 34
1043 1603 1214 1690 post
1260 1587 1392 1674 XI,
1446 1611 1559 1658 22.
1662 1583 1737 1660 Si
1787 1608 1881 1658 ex
1924 1606 2225 1660 summo
2276 1584 2416 1687 qui
2467 1602 2578 1661 est
2629 1583 3138 1661 distichorum
3191 1609 3522 1661 numero
3576 1588 3713 1662 283
3770 1583 3899 1660 de·

710 1723 1117 1801 ducuntur
1147 1722 1192 1802 5
1249 1723 1577 1802 disticha
1630 1724 1896 1801 finalia
1946 1749 2128 1800 cum
2182 1723 2431 1801 tribus
2478 1721 2804 1821 (x11,14
2836 1741 2912 1801 et
2940 1720 3291 1823 29—3o)‚
3343 1748 3545 1826 quae
3592 1748 3683 1798 ex
3729 1723 3901 1799 aliis

710 1864 987 1942 caussis
1031 1866 1252 1943 obelo
1307 1866 1608 1956 notavi,
1662 1850 2069 1942 remanent
2099 1862 2278 1965 2753
2321 1864 2450 1941 sed
2491 1889 2744 1968 neque
2794 1865 2878 1942 in
2931 1863 3080 1941 hoc
3134 1889 3461 1941 numero
3516 1862 3898 1942 indicium

712 2005 942 2090 inest,
1006 2031 1262 2082 veram
1326 2005 1708 2082 rationem
1779 2031 1824 2081 a
1886 2004 2111 2082 nobis
2174 2029 2325 2083 esse
2399 2006 2831 2092 inventam,
2906 2031 3161 2110 neque
3237 2004 3323 2082 in
3387 2005 3609 2082 libris
3679 2004 3898 2080 aliud

703 2144 1101 2249 quoddam
1151 2146 1557 2249 vestigium
1607 2143 2000 2224 divisionis
2047 2171 2092 2222 a
2153 2171 2277 2223 me
2318 2145 2754 2253 propositae
2810 2144 3222 2252 exploravi.
3340 2149 3527 2223 Rem
3594 2145 3896 2250 itaque,

703 2305 797 2361 ut
848 2284 1206 2375 dubiam,
1262 2286 1345 2363 in
1394 2283 1649 2362 medio
1703 2284 2189 2389 relinquam,
2233 2287 2740 2391 peritioribus
2788 2286 3396 2365 diiudicandam.

902 2429 1031 2502 IV·
1137 2423 1581 2502 Dicendum
1634 2451 1850 2502 nunc
1890 2444 2002 2502 est
2050 2423 2146 2502 de
2195 2432 2513 2528 mystica
2553 2426 2791 2503 huius
2824 2426 3196 2531 poematis
3232 2426 3896 2531 interpretatione,

704 2592 943 2668 quam
1020 2563 1370 2642 admittit
1421 2563 1969 2641 Colebrookius
2005 2561 2121 2652 ³5³),
2185 2580 2268 2640 at
2321 2562 2820 2653 haesitanter,
2882 2577 3195 2638 strenue
3254 2558 3605 2640 defendit
3663 2564 3896 2639 Jone—

704 2707 860 2781 sius
891 2703 1037 2793 **).
1140 2703 1590 2791 Scholiastas
1646 2700 2044 2806 indigenas
2088 2702 2150 2780 si
2201 2702 2580 2794 consules,
2646 2701 3021 2788 invenies,
3073 2725 3223 2778 esse
3273 2702 3479 2779 inter
3538 2726 3695 2794 eos,
3746 2705 3888 2807 qui

704 2843 1028 2923 disticha
1078 2842 1459 2950 quaedam
1507 2842 1811 2948 singula
1854 2843 2170 2949 mystice
2216 2842 2871 2950 interpretentur3
2923 2841 3311 2920 neminem
3343 2860 3621 2936 tamen,
3671 2844 3891 2949 quod

702 2989 975 3074 sciam,
1042 2986 1184 3090 qui
1251 2984 1513 3062 omnia
1558 2982 1776 3060 hunc
1849 2983 1937 3060 in
2002 2981 2323 3062 modum
2382 2981 2882 3061 enarraverit.
2981 2981 3216 3091 Apud
3264 2984 3453 3060 alios
3502 3010 3601 3062 ne
3652 2984 3887 3062 verbo

701 3127 1020 3231 quidem
1068 3142 1437 3203 attactam
1488 3122 1801 3231 repperi
1848 3122 2227 3201 eiusmodi
2278 3122 2896 3231 explicationem.

902 3263 1345 3372 Repetenda
1394 3283 1655 3343 autem
1704 3262 1919 3341 baud
1971 3262 2211 3341 dubie
2261 3282 2422 3342 tota
2475 3260 2703 3341 debet
2753 3287 2870 3339 res
2905 3261 3207 3369 abipso
3255 3282 3644 3369 poemate,
3695 3281 3890 3342 atta-

700 3433 880 3483 men
930 3433 1182 3510 quum
1228 3403 1816 3482 scholiastarum
1866 3403 2166 3508 saepius
2210 3401 2297 3478 in
2334 3402 2483 3480 hac
2530 3399 3054 3508 disputatione
3088 3397 3509 3479 iniicienda
3546 3398 3648 3478 sit
3676 3422 3891 3479 men-

705 3550 851 3632 tio,
916 3545 1134 3652 prius
1182 3543 1279 3622 de
1326 3542 1887 3650 Gitagovindae
1956 3542 2535 3620 enarratoribus
2598 3539 2893 3632 dicam,
2970 3557 3392 3645 antequam
3457 3563 3892 3618 sermonem

697 3687 840 3761 sim
883 3686 1386 3762 instituturus
1428 3682 1525 3760 de
1566 3683 1882 3788 mystica
1925 3682 2092 3759 eius
2138 3681 2650 3759 enarratione.
2715 3680 3199 3757 Scholiorum
3228 3677 3660 3756 conditores
3694 3704 3888 3756 enu-

700 3851 1005 3901 merans
1059 3851 1226 3901 non.
1270 3849 1576 3929 possum
1635 3822 1836 3926 quin
1885 3821 2153 3898 eodem
2222 3840 2567 3927 tempore
2630 3816 3019 3909 codicum,
3083 3816 3373 3922 quibus
3431 3842 3616 3895 usus
3673 3833 3892 3907 sum‚‘

700 3962 1060 4039 notitiam
1127 3960 1551 4037 exhibeam.
1653 3957 1967 4037 Codices
2030 3959 2292 4064 itaque
2351 3958 2859 4065 manuscripti
2933 3955 3034 4034 ad
3083 3985 3405 4036 manum
3472 3957 3690 4036 fuere
3764 3958 3883 4034 hi:

798 4107 885 4174 A.
984 4102 1216 4178 Liber
1287 4102 1638 4180 Jonesius
1708 4102 1844 4178 No.
1907 4128 1994 4177 10
2065 4100 2253 4178 bibl.
2319 4103 2477 4178 Soc.
2537 4103 2710 4204 neg.
2782 4100 3095 4178 Scientt.
3165 4099 3495 4179 Londin.
3559 4100 3723 4179 foll.
3783 4104 3885 4176 66

1012 4347 1238 4360 -.ι-,-

817 4510 872 4582 ³)
923 4512 1016 4570 As.
1063 4509 1199 4570 Res·
1242 4511 1322 4570 X.
1359 4508 1503 4572 419.

782 4634 873 4710 *Ὅ
921 4631 1058 4694 The
1100 4632 1636 4718 Hindus-among
1676 4637 1889 4699 whom
1919 4659 2013 4702 we
2048 4639 2181 4702 find
2221 4640 2331 4702 the
2363 4660 2526 4705 same
2563 4642 3012 4704 emblematical
3041 4642 3358 4729 theology.
3384 4676 3471 4692 --
3525 4643 3661 4707 The
3706 4645 3877 4708 loves

946 4741 1021 4798 of
1055 4740 1317 4803 Crishna
1358 4741 1481 4803 and
1520 4742 1772 4820 Radha,
1821 4765 1900 4806 or
1921 4745 2030 4808 the
2077 4748 2429 4831 reciprocal
2480 4749 2815 4812 attraction
2865 4751 3152 4813 between
3193 4749 3300 4813 the
3326 4749 3536 4816 divine
3575 4751 3878 4836 goodness

953 4848 1073 4909 and
1111 4848 1217 4912 the
1257 4849 1486 4911 human
1526 4850 1661 4911 soul
1698 4871 1806 4914 are
1846 4853 1977 4915 told
2019 4862 2083 4914 at
2122 4853 2293 4936 large
2339 4853 2403 4914 in
2447 4853 2555 4917 the
2613 4855 2790 4916 tenth
2840 4852 3014 4916 book
3077 4854 3151 4917 of
3191 4855 3298 4920 the
3350 4856 3708 4942 BhAgavata
3758 4858 3881 4920 and

945 4977 1050 5018 are
1094 4956 1200 5019 the
1242 4956 1481 5040 subject
1521 4958 1596 5019 of
1648 4980 1684 5019 a
1727 4960 1887 5022 little
1927 4960 2198 5043 pastoral
2240 4958 2497 5040 drama,
2548 4960 2811 5026 entitled
2858 4961 3011 5024 Gita
3071 4962 3384 5029 Govinda.
3473 4967 3730 5032 Works.
3771 4965 3876 5028 IV.

945 5082 1010 5143 p.
1054 5060 1192 5124 235.
