<?xml version="1.0" encoding="UTF-8"?>
<!DOCTYPE html PUBLIC "-//W3C//DTD XHTML 1.0 Transitional//EN"
    "http://www.w3.org/TR/xhtml1/DTD/xhtml1-transitional.dtd">
<html xmlns="http://www.w3.org/1999/xhtml" xml:lang="en" lang="en">
 <head>
  <title>
</title>
<meta http-equiv="Content-Type" content="text/html;charset=utf-8" />
  <meta name='ocr-system' content='tesseract 3.04.00' />
  <meta name='ocr-capabilities' content='ocr_page ocr_carea ocr_par ocr_line ocrx_word'/>
</head>
<body>
  <div class='ocr_page' id='page_1' title='image "./gitagovindajaya00lassgoog_0178.png"; bbox 0 0 4935 5819; ppageno 0'>
   <div class='ocr_carea' id='block_1_1' title="bbox 4 3735 15 5110">
    <p class='ocr_par' dir='ltr' id='par_1_1' title="bbox 4 3735 15 5110">
     <span class='ocr_line' id='line_1_1' title="bbox 4 3735 15 5110; baseline 0 0"><span class='ocrx_word' id='word_1_1' title='bbox 4 3735 15 5110; x_wconf 95' lang='lat' dir='ltr'><strong> </strong></span> 
     </span>
    </p>
   </div>
   <div class='ocr_carea' id='block_1_2' title="bbox 1017 498 2959 603">
    <p class='ocr_par' dir='ltr' id='par_1_2' title="bbox 1017 498 2959 603">
     <span class='ocr_line' id='line_1_2' title="bbox 1017 498 2959 603; baseline 0.002 -16"><span class='ocrx_word' id='word_1_2' title='bbox 1017 504 1178 589; x_wconf 66' lang='lat'><strong>126</strong></span> <span class='ocrx_word' id='word_1_3' title='bbox 2256 498 2496 603; x_wconf 73' lang='lat' dir='ltr'><strong>GiTA</strong></span> <span class='ocrx_word' id='word_1_4' title='bbox 2547 500 2959 593; x_wconf 74' lang='lat' dir='ltr'><strong>Govmm</strong></span> 
     </span>
    </p>
   </div>
   <div class='ocr_carea' id='block_1_3' title="bbox 697 740 4192 1212">
    <p class='ocr_par' dir='ltr' id='par_1_3' title="bbox 697 740 4192 1083">
     <span class='ocr_line' id='line_1_3' title="bbox 697 740 4191 828; baseline -0.001 -15"><span class='ocrx_word' id='word_1_5' title='bbox 697 756 871 816; x_wconf 80' lang='lat' dir='ltr'><strong>Cant.</strong></span> <span class='ocrx_word' id='word_1_6' title='bbox 901 753 993 814; x_wconf 86' lang='lat'><strong>11.</strong></span> <span class='ocrx_word' id='word_1_7' title='bbox 1215 750 1317 816; x_wconf 86' lang='lat' dir='ltr'><strong>Te</strong></span> <span class='ocrx_word' id='word_1_8' title='bbox 1344 800 1363 828; x_wconf 89' lang='lat'><strong>,</strong></span> <span class='ocrx_word' id='word_1_9' title='bbox 1436 748 1681 817; x_wconf 84' lang='lat' dir='ltr'><strong>timidis</strong></span> <span class='ocrx_word' id='word_1_10' title='bbox 1765 750 2068 822; x_wconf 84' lang='lat' dir='ltr'><strong>tremulis</strong></span> <span class='ocrx_word' id='word_1_11' title='bbox 2136 751 2502 819; x_wconf 83' lang='lat' dir='ltr'>luminibus</span> <span class='ocrx_word' id='word_1_12' title='bbox 2573 749 3004 817; x_wconf 87' lang='lat' dir='ltr'><strong>tenebrosum</strong></span> <span class='ocrx_word' id='word_1_13' title='bbox 3081 744 3418 814; x_wconf 83' lang='lat' dir='ltr'><strong>tramitem</strong></span> <span class='ocrx_word' id='word_1_14' title='bbox 3480 741 4028 822; x_wconf 84' lang='lat' dir='ltr'><strong>collustrantem,</strong></span> <span class='ocrx_word' id='word_1_15' title='bbox 4105 740 4191 809; x_wconf 85' lang='lat' dir='ltr'><strong>ad</strong></span> 
     </span>
     <span class='ocr_line' id='line_1_4' title="bbox 900 857 4191 963; baseline -0 -29"><span class='ocrx_word' id='word_1_16' title='bbox 900 857 993 920; x_wconf 82' lang='lat'><strong>19·</strong></span> <span class='ocrx_word' id='word_1_17' title='bbox 1016 893 1424 963; x_wconf 87' lang='lat' dir='ltr'><strong>quamquam</strong></span> <span class='ocrx_word' id='word_1_18' title='bbox 1474 870 1784 937; x_wconf 82' lang='lat' dir='ltr'><strong>arborem</strong></span> <span class='ocrx_word' id='word_1_19' title='bbox 1835 870 2211 941; x_wconf 85' lang='lat' dir='ltr'><strong>identidem</strong></span> <span class='ocrx_word' id='word_1_20' title='bbox 2261 873 2730 940; x_wconf 85' lang='lat' dir='ltr'><strong>subsistentem</strong></span> <span class='ocrx_word' id='word_1_21' title='bbox 2757 922 2778 953; x_wconf 93' lang='lat'><strong>,</strong></span> <span class='ocrx_word' id='word_1_22' title='bbox 2840 869 3023 938; x_wconf 90' lang='lat' dir='ltr'><strong>lente</strong></span> <span class='ocrx_word' id='word_1_23' title='bbox 3081 867 3296 963; x_wconf 88' lang='lat' dir='ltr'><strong>pedes</strong></span> <span class='ocrx_word' id='word_1_24' title='bbox 3359 864 3772 947; x_wconf 79' lang='lat' dir='ltr'><strong>trahentem,</strong></span> <span class='ocrx_word' id='word_1_25' title='bbox 3840 863 4191 959; x_wconf 86' lang='lat' dir='ltr'><strong>qualicun-</strong></span> 
     </span>
     <span class='ocr_line' id='line_1_5' title="bbox 1017 988 4192 1083; baseline -0.001 -26"><span class='ocrx_word' id='word_1_26' title='bbox 1017 1016 1146 1083; x_wconf 88' lang='lat' dir='ltr'><strong>que</strong></span> <span class='ocrx_word' id='word_1_27' title='bbox 1199 991 1400 1059; x_wconf 89' lang='lat' dir='ltr'><strong>modo</strong></span> <span class='ocrx_word' id='word_1_28' title='bbox 1455 991 1728 1060; x_wconf 89' lang='lat' dir='ltr'><strong>demum</strong></span> <span class='ocrx_word' id='word_1_29' title='bbox 1782 994 1953 1062; x_wconf 86' lang='lat' dir='ltr'><strong>clam</strong></span> <span class='ocrx_word' id='word_1_30' title='bbox 2003 996 2506 1076; x_wconf 88' lang='lat' dir='ltr'><strong>adventantem,</strong></span> <span class='ocrx_word' id='word_1_31' title='bbox 2562 997 2879 1061; x_wconf 83' lang='lat' dir='ltr'><strong>membris</strong></span> <span class='ocrx_word' id='word_1_32' title='bbox 2933 1017 3159 1060; x_wconf 88' lang='lat' dir='ltr'><strong>amore</strong></span> <span class='ocrx_word' id='word_1_33' title='bbox 3211 989 3737 1070; x_wconf 77' lang='lat' dir='ltr'><strong>exundantibus,</strong></span> <span class='ocrx_word' id='word_1_34' title='bbox 3782 1007 3888 1071; x_wconf 87' lang='lat' dir='ltr'><strong>te,</strong></span> <span class='ocrx_word' id='word_1_35' title='bbox 3944 1014 3984 1057; x_wconf 91' lang='lat' dir='ltr'><strong>o</strong></span> <span class='ocrx_word' id='word_1_36' title='bbox 4035 988 4192 1081; x_wconf 87' lang='lat' dir='ltr'><strong>pul-</strong></span> 
     </span>
    </p>

    <p class='ocr_par' dir='ltr' id='par_1_4' title="bbox 1015 1113 4046 1212">
     <span class='ocr_line' id='line_1_6' title="bbox 1015 1113 4046 1212; baseline -0.002 -33"><span class='ocrx_word' id='word_1_37' title='bbox 1015 1138 1127 1179; x_wconf 88' lang='lat' dir='ltr'><strong>cra</strong></span> <span class='ocrx_word' id='word_1_38' title='bbox 1183 1113 1481 1183; x_wconf 84' lang='lat' dir='ltr'><strong>hilariter</strong></span> <span class='ocrx_word' id='word_1_39' title='bbox 1533 1116 1875 1195; x_wconf 78' lang='lat' dir='ltr'><strong>arridens,</strong></span> <span class='ocrx_word' id='word_1_40' title='bbox 1933 1121 2356 1212; x_wconf 86' lang='lat' dir='ltr'><strong>conspiciens</strong></span> <span class='ocrx_word' id='word_1_41' title='bbox 2408 1120 2691 1185; x_wconf 88' lang='lat' dir='ltr'><strong>amasius</strong></span> <span class='ocrx_word' id='word_1_42' title='bbox 2743 1118 3164 1182; x_wconf 81' lang='lat' dir='ltr'><strong>nanciscatur</strong></span> <span class='ocrx_word' id='word_1_43' title='bbox 3217 1113 3671 1205; x_wconf 81' lang='lat' dir='ltr'><strong>expletionem</strong></span> <span class='ocrx_word' id='word_1_44' title='bbox 3721 1129 4046 1179; x_wconf 80' lang='lat' dir='ltr'><strong>votorum.</strong></span> 
     </span>
    </p>
   </div>
   <div class='ocr_carea' id='block_1_4' title="bbox 894 1407 4190 1999">
    <p class='ocr_par' dir='ltr' id='par_1_5' title="bbox 894 1407 4190 1999">
     <span class='ocr_line' id='line_1_7' title="bbox 894 1407 4188 1507; baseline -0.004 -22"><span class='ocrx_word' id='word_1_45' title='bbox 894 1430 987 1488; x_wconf 46' lang='lat'><strong>200</strong></span> <span class='ocrx_word' id='word_1_46' title='bbox 1207 1412 1438 1504; x_wconf 88' lang='lat' dir='ltr'><strong>Longe</strong></span> <span class='ocrx_word' id='word_1_47' title='bbox 1495 1430 1556 1478; x_wconf 93' lang='lat' dir='ltr'><strong>te</strong></span> <span class='ocrx_word' id='word_1_48' title='bbox 1611 1431 1857 1479; x_wconf 86' lang='lat' dir='ltr'><strong>tutetur</strong></span> <span class='ocrx_word' id='word_1_49' title='bbox 1909 1413 2082 1481; x_wconf 86' lang='lat' dir='ltr'><strong>filius</strong></span> <span class='ocrx_word' id='word_1_50' title='bbox 2133 1412 2536 1495; x_wconf 60' lang='lat' dir='ltr'><strong>Devalsidis,</strong></span> <span class='ocrx_word' id='word_1_51' title='bbox 2582 1414 2823 1507; x_wconf 88' lang='lat' dir='ltr'><strong>pulcro</strong></span> <span class='ocrx_word' id='word_1_52' title='bbox 2878 1411 3145 1479; x_wconf 66' lang='lat' dir='ltr'><strong>Badhae</strong></span> <span class='ocrx_word' id='word_1_53' title='bbox 3201 1407 3408 1478; x_wconf 83' lang='lat' dir='ltr'><strong>vultui</strong></span> <span class='ocrx_word' id='word_1_54' title='bbox 3445 1409 3838 1490; x_wconf 84' lang='lat' dir='ltr'><strong>inhaerens,</strong></span> <span class='ocrx_word' id='word_1_55' title='bbox 3886 1426 3962 1475; x_wconf 92' lang='lat' dir='ltr'><strong>ut</strong></span> <span class='ocrx_word' id='word_1_56' title='bbox 3997 1431 4188 1499; x_wconf 81' lang='lat' dir='ltr'><strong>nym-</strong></span> 
     </span>
     <span class='ocr_line' id='line_1_8' title="bbox 1012 1529 4190 1630; baseline -0.001 -33"><span class='ocrx_word' id='word_1_57' title='bbox 1012 1534 1261 1624; x_wconf 86' lang='lat' dir='ltr'><strong>phaeae</strong></span> <span class='ocrx_word' id='word_1_58' title='bbox 1317 1536 1496 1625; x_wconf 86' lang='lat' dir='ltr'><strong>apis,</strong></span> <span class='ocrx_word' id='word_1_59' title='bbox 1552 1534 1906 1626; x_wconf 83' lang='lat' dir='ltr'><strong>sapphirus</strong></span> <span class='ocrx_word' id='word_1_60' title='bbox 1962 1536 2074 1602; x_wconf 88' lang='lat' dir='ltr'><strong>illa</strong></span> <span class='ocrx_word' id='word_1_61' title='bbox 2139 1535 2372 1629; x_wconf 86' lang='lat' dir='ltr'><strong>digna,</strong></span> <span class='ocrx_word' id='word_1_62' title='bbox 2444 1563 2617 1630; x_wconf 89' lang='lat' dir='ltr'><strong>quae</strong></span> <span class='ocrx_word' id='word_1_63' title='bbox 2674 1536 2891 1629; x_wconf 81' lang='lat' dir='ltr'><strong>largae</strong></span> <span class='ocrx_word' id='word_1_64' title='bbox 2957 1537 3157 1601; x_wconf 86' lang='lat' dir='ltr'><strong>trium</strong></span> <span class='ocrx_word' id='word_1_65' title='bbox 3211 1530 3619 1599; x_wconf 89' lang='lat' dir='ltr'><strong>mundorum</strong></span> <span class='ocrx_word' id='word_1_66' title='bbox 3684 1529 3890 1598; x_wconf 84' lang='lat' dir='ltr'><strong>fronti</strong></span> <span class='ocrx_word' id='word_1_67' title='bbox 3946 1554 4190 1598; x_wconf 88' lang='lat' dir='ltr'><strong>ornan-</strong></span> 
     </span>
     <span class='ocr_line' id='line_1_9' title="bbox 1015 1654 4190 1753; baseline -0 -33"><span class='ocrx_word' id='word_1_68' title='bbox 1015 1655 1137 1721; x_wconf 86' lang='lat' dir='ltr'><strong>dae</strong></span> <span class='ocrx_word' id='word_1_69' title='bbox 1187 1656 1537 1738; x_wconf 81' lang='lat' dir='ltr'><strong>inserviat,</strong></span> <span class='ocrx_word' id='word_1_70' title='bbox 1587 1654 2010 1749; x_wconf 87' lang='lat' dir='ltr'><strong>ponderosae</strong></span> <span class='ocrx_word' id='word_1_71' title='bbox 2062 1658 2317 1727; x_wconf 90' lang='lat' dir='ltr'><strong>telluris</strong></span> <span class='ocrx_word' id='word_1_72' title='bbox 2369 1685 2585 1753; x_wconf 88' lang='lat' dir='ltr'><strong>usque</strong></span> <span class='ocrx_word' id='word_1_73' title='bbox 2638 1660 2842 1725; x_wconf 84' lang='lat' dir='ltr'><strong>finem</strong></span> <span class='ocrx_word' id='word_1_74' title='bbox 2894 1675 3330 1738; x_wconf 85' lang='lat' dir='ltr'><strong>sustentator,</strong></span> <span class='ocrx_word' id='word_1_75' title='bbox 3397 1654 3789 1748; x_wconf 88' lang='lat' dir='ltr'><strong>pulcrarum</strong></span> <span class='ocrx_word' id='word_1_76' title='bbox 3846 1656 4190 1747; x_wconf 82' lang='lat' dir='ltr'><strong>rurigena-</strong></span> 
     </span>
     <span class='ocr_line' id='line_1_10' title="bbox 1012 1776 4188 1873; baseline 0 -32"><span class='ocrx_word' id='word_1_77' title='bbox 1012 1801 1162 1843; x_wconf 91' lang='lat' dir='ltr'><strong>rum</strong></span> <span class='ocrx_word' id='word_1_78' title='bbox 1206 1776 1582 1870; x_wconf 85' lang='lat' dir='ltr'><strong>puellarum</strong></span> <span class='ocrx_word' id='word_1_79' title='bbox 1627 1778 1903 1846; x_wconf 87' lang='lat' dir='ltr'><strong>arbitrio</strong></span> <span class='ocrx_word' id='word_1_80' title='bbox 1957 1779 2322 1846; x_wconf 85' lang='lat' dir='ltr'><strong>liberarum</strong></span> <span class='ocrx_word' id='word_1_81' title='bbox 2375 1784 2630 1852; x_wconf 89' lang='lat' dir='ltr'><strong>animos</strong></span> <span class='ocrx_word' id='word_1_82' title='bbox 2684 1782 3098 1863; x_wconf 79' lang='lat' dir='ltr'><strong>exhilarans,</strong></span> <span class='ocrx_word' id='word_1_83' title='bbox 3161 1803 3372 1873; x_wconf 88' lang='lat' dir='ltr'><strong>aeque</strong></span> <span class='ocrx_word' id='word_1_84' title='bbox 3426 1798 3624 1871; x_wconf 88' lang='lat' dir='ltr'><strong>atque</strong></span> <span class='ocrx_word' id='word_1_85' title='bbox 3679 1776 4188 1871; x_wconf 76' lang='lat' dir='ltr'><strong>crepusculum,</strong></span> 
     </span>
     <span class='ocr_line' id='line_1_11' title="bbox 1012 1899 2733 1999; baseline 0.002 -34"><span class='ocrx_word' id='word_1_86' title='bbox 1012 1899 1389 1969; x_wconf 86' lang='lat' dir='ltr'><strong>destructor</strong></span> <span class='ocrx_word' id='word_1_87' title='bbox 1438 1901 1696 1968; x_wconf 89' lang='lat' dir='ltr'><strong>Kansae</strong></span> <span class='ocrx_word' id='word_1_88' title='bbox 1749 1903 1957 1968; x_wconf 87' lang='lat' dir='ltr'><strong>instar</strong></span> <span class='ocrx_word' id='word_1_89' title='bbox 1999 1902 2299 1971; x_wconf 87' lang='lat' dir='ltr'><strong>flammae</strong></span> <span class='ocrx_word' id='word_1_90' title='bbox 2352 1903 2733 1999; x_wconf 78' lang='lat' dir='ltr'><strong>famigerae.</strong></span> 
     </span>
    </p>
   </div>
   <div class='ocr_carea' id='block_1_5' title="bbox 685 2214 4195 5120">
    <p class='ocr_par' dir='ltr' id='par_1_6' title="bbox 863 2214 4186 2310">
     <span class='ocr_line' id='line_1_12' title="bbox 863 2214 4186 2310; baseline -0.001 -24"><span class='ocrx_word' id='word_1_91' title='bbox 863 2218 993 2290; x_wconf 85' lang='lat' dir='ltr'><strong>Vl.</strong></span> <span class='ocrx_word' id='word_1_92' title='bbox 1210 2214 1516 2296; x_wconf 89' lang='lat' dir='ltr'><strong>Deinde,</strong></span> <span class='ocrx_word' id='word_1_93' title='bbox 1582 2240 1789 2308; x_wconf 87' lang='lat' dir='ltr'><strong>quum</strong></span> <span class='ocrx_word' id='word_1_94' title='bbox 1842 2243 1989 2286; x_wconf 89' lang='lat' dir='ltr'><strong>eam</strong></span> <span class='ocrx_word' id='word_1_95' title='bbox 2037 2222 2109 2285; x_wconf 91' lang='lat' dir='ltr'><strong>in</strong></span> <span class='ocrx_word' id='word_1_96' title='bbox 2161 2216 2452 2286; x_wconf 77' lang='lat' dir='ltr'><strong>viminali</strong></span> <span class='ocrx_word' id='word_1_97' title='bbox 2499 2218 2892 2286; x_wconf 89' lang='lat' dir='ltr'><strong>umbraculo</strong></span> <span class='ocrx_word' id='word_1_98' title='bbox 2946 2217 3447 2310; x_wconf 80' lang='lat' dir='ltr'><strong>considentem,</strong></span> <span class='ocrx_word' id='word_1_99' title='bbox 3527 2215 3748 2284; x_wconf 89' lang='lat' dir='ltr'><strong>eundo</strong></span> <span class='ocrx_word' id='word_1_100' title='bbox 3810 2221 4186 2308; x_wconf 89' lang='lat' dir='ltr'><strong>imparem,</strong></span> 
     </span>
    </p>

    <p class='ocr_par' dir='ltr' id='par_1_7' title="bbox 939 2334 4186 2528">
     <span class='ocr_line' id='line_1_13' title="bbox 939 2334 4186 2436; baseline -0.001 -34"><span class='ocrx_word' id='word_1_101' title='bbox 939 2334 1131 2404; x_wconf 86' lang='lat' dir='ltr'><strong>1.diu</strong></span> <span class='ocrx_word' id='word_1_102' title='bbox 1180 2338 1313 2403; x_wconf 86' lang='lat' dir='ltr'><strong>iam</strong></span> <span class='ocrx_word' id='word_1_103' title='bbox 1367 2336 1880 2422; x_wconf 83' lang='lat' dir='ltr'><strong>desiderantem,</strong></span> <span class='ocrx_word' id='word_1_104' title='bbox 1933 2344 2406 2436; x_wconf 80' lang='lat' dir='ltr'><strong>conspexisset,</strong></span> <span class='ocrx_word' id='word_1_105' title='bbox 2456 2343 2665 2407; x_wconf 87' lang='lat' dir='ltr'><strong>amica</strong></span> <span class='ocrx_word' id='word_1_106' title='bbox 2711 2341 2851 2405; x_wconf 88' lang='lat' dir='ltr'><strong>cius</strong></span> <span class='ocrx_word' id='word_1_107' title='bbox 2887 2357 3127 2406; x_wconf 87' lang='lat' dir='ltr'><strong>statum</strong></span> <span class='ocrx_word' id='word_1_108' title='bbox 3154 2338 3508 2418; x_wconf 87' lang='lat' dir='ltr'><strong>Krishnae,</strong></span> <span class='ocrx_word' id='word_1_109' title='bbox 3560 2361 3784 2405; x_wconf 85' lang='lat' dir='ltr'><strong>amore</strong></span> <span class='ocrx_word' id='word_1_110' title='bbox 3825 2336 4186 2427; x_wconf 87' lang='lat' dir='ltr'><strong>languenti,</strong></span> 
     </span>
     <span class='ocr_line' id='line_1_14' title="bbox 1014 2458 1407 2528; baseline 0.005 -2"><span class='ocrx_word' id='word_1_111' title='bbox 1014 2458 1407 2528; x_wconf 82' lang='lat' dir='ltr'><strong>declaravit:</strong></span> 
     </span>
    </p>

    <p class='ocr_par' dir='ltr' id='par_1_8' title="bbox 685 2578 4184 2676">
     <span class='ocr_line' id='line_1_15' title="bbox 685 2578 4184 2676; baseline -0.001 -29"><span class='ocrx_word' id='word_1_112' title='bbox 685 2593 858 2653; x_wconf 71' lang='lat' dir='ltr'><strong>Cant.</strong></span> <span class='ocrx_word' id='word_1_113' title='bbox 895 2593 990 2656; x_wconf 73' lang='lat'><strong>12,</strong></span> <span class='ocrx_word' id='word_1_114' title='bbox 1211 2579 1447 2647; x_wconf 75' lang='lat' dir='ltr'><strong>»Clam</strong></span> <span class='ocrx_word' id='word_1_115' title='bbox 1494 2583 1804 2674; x_wconf 87' lang='lat' dir='ltr'><strong>opinatur</strong></span> <span class='ocrx_word' id='word_1_116' title='bbox 1855 2603 1919 2650; x_wconf 89' lang='lat' dir='ltr'><strong>te</strong></span> <span class='ocrx_word' id='word_1_117' title='bbox 1969 2607 2462 2676; x_wconf 78' lang='lat' dir='ltr'><strong>quaquaversus</strong></span> <span class='ocrx_word' id='word_1_118' title='bbox 2529 2584 2957 2676; x_wconf 88' lang='lat' dir='ltr'><strong>conspicere,</strong></span> <span class='ocrx_word' id='word_1_119' title='bbox 3027 2581 3163 2649; x_wconf 90' lang='lat' dir='ltr'><strong>mel</strong></span> <span class='ocrx_word' id='word_1_120' title='bbox 3236 2581 3572 2650; x_wconf 88' lang='lat' dir='ltr'><strong>labiorum</strong></span> <span class='ocrx_word' id='word_1_121' title='bbox 3643 2604 3919 2649; x_wconf 87' lang='lat' dir='ltr'><strong>suorum</strong></span> <span class='ocrx_word' id='word_1_122' title='bbox 3987 2578 4184 2646; x_wconf 90' lang='lat' dir='ltr'><strong>dulce</strong></span> 
     </span>
    </p>

    <p class='ocr_par' dir='ltr' id='par_1_9' title="bbox 932 2701 3950 2798">
     <span class='ocr_line' id='line_1_16' title="bbox 932 2701 3950 2798; baseline -0.001 -28"><span class='ocrx_word' id='word_1_123' title='bbox 932 2701 990 2762; x_wconf 69' lang='lat'><strong>2·</strong></span> <span class='ocrx_word' id='word_1_124' title='bbox 1011 2703 1463 2784; x_wconf 84' lang='lat' dir='ltr'><strong>haurientem,</strong></span> <span class='ocrx_word' id='word_1_125' title='bbox 1517 2726 1555 2770; x_wconf 92' lang='lat' dir='ltr'><strong>o</strong></span> <span class='ocrx_word' id='word_1_126' title='bbox 1610 2702 1881 2770; x_wconf 86' lang='lat' dir='ltr'><strong>domiue</strong></span> <span class='ocrx_word' id='word_1_127' title='bbox 1933 2706 2179 2786; x_wconf 88' lang='lat' dir='ltr'><strong>Hares,</strong></span> <span class='ocrx_word' id='word_1_128' title='bbox 2230 2704 2461 2771; x_wconf 72' lang='lat' dir='ltr'><strong>deha</strong></span> <span class='ocrx_word' id='word_1_129' title='bbox 2512 2702 2671 2786; x_wconf 79' lang='lat' dir='ltr'><strong>illa,</strong></span> <span class='ocrx_word' id='word_1_130' title='bbox 2727 2729 2897 2798; x_wconf 90' lang='lat' dir='ltr'><strong>quae</strong></span> <span class='ocrx_word' id='word_1_131' title='bbox 2947 2705 3217 2798; x_wconf 88' lang='lat' dir='ltr'><strong>languet</strong></span> <span class='ocrx_word' id='word_1_132' title='bbox 3265 2702 3609 2772; x_wconf 88' lang='lat' dir='ltr'><strong>domicilio</strong></span> <span class='ocrx_word' id='word_1_133' title='bbox 3664 2703 3950 2771; x_wconf 84' lang='lat' dir='ltr'><strong>detenta.</strong></span> 
     </span>
    </p>

    <p class='ocr_par' dir='ltr' id='par_1_10' title="bbox 935 2824 4179 3045">
     <span class='ocr_line' id='line_1_17' title="bbox 935 2824 4179 2924; baseline -0 -31"><span class='ocrx_word' id='word_1_134' title='bbox 935 2841 991 2901; x_wconf 86' lang='grc'><strong>3,</strong></span> <span class='ocrx_word' id='word_1_135' title='bbox 1210 2826 1484 2892; x_wconf 67' lang='lat' dir='ltr'><strong>Laetitia</strong></span> <span class='ocrx_word' id='word_1_136' title='bbox 1536 2826 1623 2893; x_wconf 90' lang='lat' dir='ltr'><strong>ob</strong></span> <span class='ocrx_word' id='word_1_137' title='bbox 1678 2845 1857 2893; x_wconf 85' lang='lat' dir='ltr'><strong>tuum</strong></span> <span class='ocrx_word' id='word_1_138' title='bbox 1913 2827 2272 2895; x_wconf 79' lang='lat' dir='ltr'><strong>adventum</strong></span> <span class='ocrx_word' id='word_1_139' title='bbox 2316 2829 2652 2912; x_wconf 82' lang='lat' dir='ltr'><strong>vacillanS,</strong></span> <span class='ocrx_word' id='word_1_140' title='bbox 2707 2847 3240 2924; x_wconf 87' lang='lat' dir='ltr'><strong>quotoscumque</strong></span> <span class='ocrx_word' id='word_1_141' title='bbox 3292 2825 3537 2921; x_wconf 86' lang='lat' dir='ltr'><strong>gradus</strong></span> <span class='ocrx_word' id='word_1_142' title='bbox 3573 2824 3925 2907; x_wconf 82' lang='lat' dir='ltr'><strong>ductitans,</strong></span> <span class='ocrx_word' id='word_1_143' title='bbox 3974 2824 4179 2894; x_wconf 85' lang='lat' dir='ltr'><strong>colla·</strong></span> 
     </span>
     <span class='ocr_line' id='line_1_18' title="bbox 1011 2945 3671 3045; baseline 0 -32"><span class='ocrx_word' id='word_1_144' title='bbox 1011 2948 1230 3031; x_wconf 84' lang='lat' dir='ltr'><strong>bitur,</strong></span> <span class='ocrx_word' id='word_1_145' title='bbox 1277 2971 1317 3016; x_wconf 93' lang='lat' dir='ltr'><strong>o</strong></span> <span class='ocrx_word' id='word_1_146' title='bbox 1363 2946 1635 3016; x_wconf 88' lang='lat' dir='ltr'><strong>domine</strong></span> <span class='ocrx_word' id='word_1_147' title='bbox 1680 2951 1924 3033; x_wconf 88' lang='lat' dir='ltr'><strong>Hares,</strong></span> <span class='ocrx_word' id='word_1_148' title='bbox 1967 2950 2199 3018; x_wconf 71' lang='lat' dir='ltr'><strong>Radha</strong></span> <span class='ocrx_word' id='word_1_149' title='bbox 2248 2951 2401 3034; x_wconf 89' lang='lat' dir='ltr'><strong>illa,</strong></span> <span class='ocrx_word' id='word_1_150' title='bbox 2449 2975 2620 3045; x_wconf 90' lang='lat' dir='ltr'><strong>quae</strong></span> <span class='ocrx_word' id='word_1_151' title='bbox 2663 2948 2934 3042; x_wconf 88' lang='lat' dir='ltr'><strong>languet</strong></span> <span class='ocrx_word' id='word_1_152' title='bbox 2984 2947 3327 3018; x_wconf 88' lang='lat' dir='ltr'><strong>domicilio</strong></span> <span class='ocrx_word' id='word_1_153' title='bbox 3382 2945 3671 3018; x_wconf 84' lang='lat' dir='ltr'><strong>detenta.</strong></span> 
     </span>
    </p>

    <p class='ocr_par' dir='ltr' id='par_1_11' title="bbox 930 3069 4183 3380">
     <span class='ocr_line' id='line_1_19' title="bbox 930 3069 4183 3170; baseline -0.002 -32"><span class='ocrx_word' id='word_1_154' title='bbox 930 3083 988 3149; x_wconf 77' lang='lat'><strong>4,</strong></span> <span class='ocrx_word' id='word_1_155' title='bbox 1206 3071 1520 3139; x_wconf 86' lang='lat' dir='ltr'><strong>Armillas</strong></span> <span class='ocrx_word' id='word_1_156' title='bbox 1575 3097 1655 3139; x_wconf 84' lang='lat' dir='ltr'><strong>ex</strong></span> <span class='ocrx_word' id='word_1_157' title='bbox 1706 3073 1947 3142; x_wconf 89' lang='lat' dir='ltr'><strong>albidis</strong></span> <span class='ocrx_word' id='word_1_158' title='bbox 1993 3074 2204 3157; x_wconf 87' lang='lat' dir='ltr'><strong>soliis,</strong></span> <span class='ocrx_word' id='word_1_159' title='bbox 2272 3076 2598 3170; x_wconf 86' lang='lat' dir='ltr'><strong>fibrisque</strong></span> <span class='ocrx_word' id='word_1_160' title='bbox 2650 3073 2852 3142; x_wconf 87' lang='lat' dir='ltr'><strong>factas</strong></span> <span class='ocrx_word' id='word_1_161' title='bbox 2916 3070 3240 3154; x_wconf 83' lang='lat' dir='ltr'><strong>induens,</strong></span> <span class='ocrx_word' id='word_1_162' title='bbox 3302 3072 3524 3139; x_wconf 83' lang='lat' dir='ltr'><strong>vivere</strong></span> <span class='ocrx_word' id='word_1_163' title='bbox 3587 3074 3814 3165; x_wconf 89' lang='lat' dir='ltr'><strong>pergit</strong></span> <span class='ocrx_word' id='word_1_164' title='bbox 3875 3069 4016 3138; x_wconf 91' lang='lat' dir='ltr'><strong>sola</strong></span> <span class='ocrx_word' id='word_1_165' title='bbox 4087 3070 4183 3135; x_wconf 89' lang='lat' dir='ltr'><strong>tui</strong></span> 
     </span>
     <span class='ocr_line' id='line_1_20' title="bbox 1009 3189 4182 3288; baseline 0 -32"><span class='ocrx_word' id='word_1_166' title='bbox 1009 3194 1252 3258; x_wconf 87' lang='lat' dir='ltr'><strong>amoris</strong></span> <span class='ocrx_word' id='word_1_167' title='bbox 1328 3194 1798 3264; x_wconf 86' lang='lat' dir='ltr'><strong>recordatione</strong></span> <span class='ocrx_word' id='word_1_168' title='bbox 1824 3244 1843 3276; x_wconf 92' lang='lat'><strong>,</strong></span> <span class='ocrx_word' id='word_1_169' title='bbox 1927 3221 1968 3264; x_wconf 92' lang='lat' dir='ltr'><strong>o</strong></span> <span class='ocrx_word' id='word_1_170' title='bbox 2042 3196 2314 3266; x_wconf 91' lang='lat' dir='ltr'><strong>domine</strong></span> <span class='ocrx_word' id='word_1_171' title='bbox 2388 3199 2636 3280; x_wconf 85' lang='lat' dir='ltr'><strong>Hares,</strong></span> <span class='ocrx_word' id='word_1_172' title='bbox 2707 3193 2939 3264; x_wconf 70' lang='lat' dir='ltr'><strong>Radlm</strong></span> <span class='ocrx_word' id='word_1_173' title='bbox 3011 3193 3168 3279; x_wconf 90' lang='lat' dir='ltr'><strong>illa,</strong></span> <span class='ocrx_word' id='word_1_174' title='bbox 3252 3217 3425 3288; x_wconf 82' lang='lat' dir='ltr'><strong>quae</strong></span> <span class='ocrx_word' id='word_1_175' title='bbox 3494 3192 3766 3286; x_wconf 84' lang='lat' dir='ltr'><strong>languet</strong></span> <span class='ocrx_word' id='word_1_176' title='bbox 3839 3189 4182 3261; x_wconf 88' lang='lat' dir='ltr'><strong>domicilio</strong></span> 
     </span>
     <span class='ocr_line' id='line_1_21' title="bbox 1015 3310 1298 3380; baseline 0 -3"><span class='ocrx_word' id='word_1_177' title='bbox 1015 3310 1298 3380; x_wconf 89' lang='lat' dir='ltr'><strong>detenta.</strong></span> 
     </span>
    </p>

    <p class='ocr_par' dir='ltr' id='par_1_12' title="bbox 926 3432 4186 3900">
     <span class='ocr_line' id='line_1_22' title="bbox 928 3432 4185 3530; baseline -0.002 -26"><span class='ocrx_word' id='word_1_178' title='bbox 928 3446 986 3504; x_wconf 86' lang='lat'><strong>5.</strong></span> <span class='ocrx_word' id='word_1_179' title='bbox 1205 3432 1423 3527; x_wconf 89' lang='lat' dir='ltr'><strong>Saepe</strong></span> <span class='ocrx_word' id='word_1_180' title='bbox 1479 3455 2023 3504; x_wconf 88' lang='lat' dir='ltr'><strong>ornamentorum</strong></span> <span class='ocrx_word' id='word_1_181' title='bbox 2069 3437 2340 3508; x_wconf 77' lang='lat' dir='ltr'><strong>facetias</strong></span> <span class='ocrx_word' id='word_1_182' title='bbox 2394 3443 2633 3510; x_wconf 90' lang='lat' dir='ltr'><strong>intuita</strong></span> <span class='ocrx_word' id='word_1_183' title='bbox 2699 3441 2873 3507; x_wconf 89' lang='lat' dir='ltr'><strong>hane</strong></span> <span class='ocrx_word' id='word_1_184' title='bbox 2933 3437 3096 3507; x_wconf 89' lang='lat' dir='ltr'><strong>colit</strong></span> <span class='ocrx_word' id='word_1_185' title='bbox 3161 3438 3737 3530; x_wconf 83' lang='lat' dir='ltr'><strong>imaginationem:</strong></span> <span class='ocrx_word' id='word_1_186' title='bbox 3808 3451 3970 3527; x_wconf 75' lang='lat' dir='ltr'><strong>»ego</strong></span> <span class='ocrx_word' id='word_1_187' title='bbox 4036 3458 4185 3500; x_wconf 90' lang='lat' dir='ltr'><strong>sum</strong></span> 
     </span>
     <span class='ocr_line' id='line_1_23' title="bbox 1005 3552 4109 3656; baseline 0.001 -37"><span class='ocrx_word' id='word_1_188' title='bbox 1005 3552 1213 3620; x_wconf 85' lang='lat' dir='ltr'><strong>hostis</strong></span> <span class='ocrx_word' id='word_1_189' title='bbox 1266 3554 1623 3627; x_wconf 76' lang='lat' dir='ltr'><strong>Madhuis«</strong></span> <span class='ocrx_word' id='word_1_190' title='bbox 1671 3582 1709 3625; x_wconf 90' lang='lat' dir='ltr'><strong>o</strong></span> <span class='ocrx_word' id='word_1_191' title='bbox 1764 3556 2037 3626; x_wconf 90' lang='lat' dir='ltr'><strong>domine</strong></span> <span class='ocrx_word' id='word_1_192' title='bbox 2089 3561 2342 3645; x_wconf 88' lang='lat' dir='ltr'><strong>Hares,</strong></span> <span class='ocrx_word' id='word_1_193' title='bbox 2393 3562 2630 3631; x_wconf 74' lang='lat' dir='ltr'><strong>Radha</strong></span> <span class='ocrx_word' id='word_1_194' title='bbox 2679 3563 2834 3646; x_wconf 90' lang='lat' dir='ltr'><strong>illa,</strong></span> <span class='ocrx_word' id='word_1_195' title='bbox 2882 3587 3054 3656; x_wconf 90' lang='lat' dir='ltr'><strong>quae</strong></span> <span class='ocrx_word' id='word_1_196' title='bbox 3106 3561 3381 3655; x_wconf 85' lang='lat' dir='ltr'><strong>languet</strong></span> <span class='ocrx_word' id='word_1_197' title='bbox 3428 3558 3768 3629; x_wconf 90' lang='lat' dir='ltr'><strong>domicilio</strong></span> <span class='ocrx_word' id='word_1_198' title='bbox 3823 3557 4109 3626; x_wconf 87' lang='lat' dir='ltr'><strong>detenta.</strong></span> 
     </span>
     <span class='ocr_line' id='line_1_24' title="bbox 926 3674 4186 3777; baseline 0.001 -32"><span class='ocrx_word' id='word_1_199' title='bbox 926 3687 984 3748; x_wconf 83' lang='lat'><strong>6.</strong></span> <span class='ocrx_word' id='word_1_200' title='bbox 1205 3674 1389 3744; x_wconf 74' lang='lat' dir='ltr'><strong>”Cur</strong></span> <span class='ocrx_word' id='word_1_201' title='bbox 1436 3702 1577 3745; x_wconf 86' lang='lat' dir='ltr'><strong>non</strong></span> <span class='ocrx_word' id='word_1_202' title='bbox 1634 3678 1900 3748; x_wconf 80' lang='lat' dir='ltr'><strong>festinat</strong></span> <span class='ocrx_word' id='word_1_203' title='bbox 1948 3683 2161 3751; x_wconf 86' lang='lat' dir='ltr'><strong>Hares</strong></span> <span class='ocrx_word' id='word_1_204' title='bbox 2216 3683 2334 3751; x_wconf 92' lang='lat' dir='ltr'><strong>ille</strong></span> <span class='ocrx_word' id='word_1_205' title='bbox 2387 3684 2478 3752; x_wconf 90' lang='lat' dir='ltr'><strong>ad</strong></span> <span class='ocrx_word' id='word_1_206' title='bbox 2545 3685 2773 3754; x_wconf 89' lang='lat' dir='ltr'><strong>locum</strong></span> <span class='ocrx_word' id='word_1_207' title='bbox 2838 3682 3295 3777; x_wconf 89' lang='lat' dir='ltr'><strong>designatum«</strong></span> <span class='ocrx_word' id='word_1_208' title='bbox 3362 3684 3461 3750; x_wconf 88' lang='lat' dir='ltr'><strong>sic</strong></span> <span class='ocrx_word' id='word_1_209' title='bbox 3521 3680 3886 3776; x_wconf 78' lang='lat' dir='ltr'><strong>alloquitur</strong></span> <span class='ocrx_word' id='word_1_210' title='bbox 3938 3682 4186 3749; x_wconf 85' lang='lat' dir='ltr'><strong>iteratis</strong></span> 
     </span>
     <span class='ocr_line' id='line_1_25' title="bbox 1007 3796 4111 3900; baseline 0.003 -39"><span class='ocrx_word' id='word_1_211' title='bbox 1007 3796 1264 3864; x_wconf 86' lang='lat' dir='ltr'><strong>vicibus</strong></span> <span class='ocrx_word' id='word_1_212' title='bbox 1315 3802 1632 3880; x_wconf 90' lang='lat' dir='ltr'><strong>amicam,</strong></span> <span class='ocrx_word' id='word_1_213' title='bbox 1687 3826 1725 3869; x_wconf 93' lang='lat' dir='ltr'><strong>o</strong></span> <span class='ocrx_word' id='word_1_214' title='bbox 1779 3802 2050 3871; x_wconf 89' lang='lat' dir='ltr'><strong>domine</strong></span> <span class='ocrx_word' id='word_1_215' title='bbox 2097 3806 2306 3874; x_wconf 85' lang='lat' dir='ltr'><strong>Hares</strong></span> <span class='ocrx_word' id='word_1_216' title='bbox 2329 3859 2348 3890; x_wconf 94' lang='lat'>‚</span> <span class='ocrx_word' id='word_1_217' title='bbox 2399 3806 2634 3876; x_wconf 71' lang='lat' dir='ltr'><strong>deha</strong></span> <span class='ocrx_word' id='word_1_218' title='bbox 2682 3807 2798 3875; x_wconf 80' lang='lat' dir='ltr'><strong>illa</strong></span> <span class='ocrx_word' id='word_1_219' title='bbox 2817 3859 2838 3891; x_wconf 91' lang='lat'><strong>,</strong></span> <span class='ocrx_word' id='word_1_220' title='bbox 2893 3831 3063 3900; x_wconf 87' lang='lat' dir='ltr'><strong>quae</strong></span> <span class='ocrx_word' id='word_1_221' title='bbox 3109 3806 3379 3899; x_wconf 88' lang='lat' dir='ltr'><strong>languet</strong></span> <span class='ocrx_word' id='word_1_222' title='bbox 3428 3801 3771 3872; x_wconf 89' lang='lat' dir='ltr'><strong>domicilio</strong></span> <span class='ocrx_word' id='word_1_223' title='bbox 3825 3801 4111 3872; x_wconf 86' lang='lat' dir='ltr'><strong>detenta.</strong></span> 
     </span>
    </p>

    <p class='ocr_par' dir='ltr' id='par_1_13' title="bbox 930 3919 4184 4143">
     <span class='ocr_line' id='line_1_26' title="bbox 930 3919 4182 4023; baseline 0.001 -35"><span class='ocrx_word' id='word_1_224' title='bbox 930 3927 988 3988; x_wconf 91' lang='grc'><strong>7.</strong></span> <span class='ocrx_word' id='word_1_225' title='bbox 1205 3919 1688 4013; x_wconf 83' lang='lat' dir='ltr'><strong>Amplectitur,</strong></span> <span class='ocrx_word' id='word_1_226' title='bbox 1761 3925 1974 3992; x_wconf 89' lang='lat' dir='ltr'><strong>basiat</strong></span> <span class='ocrx_word' id='word_1_227' title='bbox 2049 3926 2402 4021; x_wconf 88' lang='lat' dir='ltr'><strong>caliginem</strong></span> <span class='ocrx_word' id='word_1_228' title='bbox 2483 3931 2814 4023; x_wconf 88' lang='lat' dir='ltr'><strong>amplam,</strong></span> <span class='ocrx_word' id='word_1_229' title='bbox 2890 3930 3090 3997; x_wconf 85' lang='lat' dir='ltr'><strong>nubis</strong></span> <span class='ocrx_word' id='word_1_230' title='bbox 3164 3927 3380 3996; x_wconf 85' lang='lat' dir='ltr'><strong>forma</strong></span> <span class='ocrx_word' id='word_1_231' title='bbox 3456 3925 3794 4007; x_wconf 88' lang='lat' dir='ltr'><strong>indutam,</strong></span> <span class='ocrx_word' id='word_1_232' title='bbox 3859 3923 4182 4004; x_wconf 84' lang='lat' dir='ltr'><strong>clamans,</strong></span> 
     </span>
     <span class='ocr_line' id='line_1_27' title="bbox 1005 4037 4184 4143; baseline 0.002 -40"><span class='ocrx_word' id='word_1_233' title='bbox 1005 4037 1217 4106; x_wconf 88' lang='lat' dir='ltr'><strong>Hares</strong></span> <span class='ocrx_word' id='word_1_234' title='bbox 1267 4042 1401 4107; x_wconf 90' lang='lat' dir='ltr'><strong>iam</strong></span> <span class='ocrx_word' id='word_1_235' title='bbox 1451 4042 1677 4126; x_wconf 86' lang='lat' dir='ltr'><strong>adest,</strong></span> <span class='ocrx_word' id='word_1_236' title='bbox 1729 4069 1769 4111; x_wconf 94' lang='lat' dir='ltr'><strong>o</strong></span> <span class='ocrx_word' id='word_1_237' title='bbox 1823 4044 2096 4114; x_wconf 88' lang='lat' dir='ltr'><strong>domine</strong></span> <span class='ocrx_word' id='word_1_238' title='bbox 2148 4048 2393 4130; x_wconf 83' lang='lat' dir='ltr'><strong>Hares,</strong></span> <span class='ocrx_word' id='word_1_239' title='bbox 2456 4050 2689 4118; x_wconf 72' lang='lat' dir='ltr'><strong>deha</strong></span> <span class='ocrx_word' id='word_1_240' title='bbox 2740 4052 2888 4134; x_wconf 89' lang='lat' dir='ltr'><strong>illa,</strong></span> <span class='ocrx_word' id='word_1_241' title='bbox 2953 4075 3126 4143; x_wconf 83' lang='lat' dir='ltr'><strong>quae</strong></span> <span class='ocrx_word' id='word_1_242' title='bbox 3178 4048 3448 4143; x_wconf 85' lang='lat' dir='ltr'><strong>languet</strong></span> <span class='ocrx_word' id='word_1_243' title='bbox 3497 4046 3844 4117; x_wconf 89' lang='lat' dir='ltr'><strong>domicilio</strong></span> <span class='ocrx_word' id='word_1_244' title='bbox 3898 4045 4184 4114; x_wconf 86' lang='lat' dir='ltr'><strong>detenta.</strong></span> 
     </span>
    </p>

    <p class='ocr_par' dir='ltr' id='par_1_14' title="bbox 926 4163 4189 4386">
     <span class='ocr_line' id='line_1_28' title="bbox 926 4163 4189 4264; baseline 0.001 -33"><span class='ocrx_word' id='word_1_245' title='bbox 926 4170 984 4232; x_wconf 78' lang='lat'><strong>8.</strong></span> <span class='ocrx_word' id='word_1_246' title='bbox 1205 4164 1311 4231; x_wconf 92' lang='lat' dir='ltr'><strong>Te</strong></span> <span class='ocrx_word' id='word_1_247' title='bbox 1363 4163 1705 4250; x_wconf 87' lang='lat' dir='ltr'><strong>tardante,</strong></span> <span class='ocrx_word' id='word_1_248' title='bbox 1757 4166 2040 4261; x_wconf 87' lang='lat' dir='ltr'><strong>pudoris</strong></span> <span class='ocrx_word' id='word_1_249' title='bbox 2095 4170 2334 4252; x_wconf 87' lang='lat' dir='ltr'><strong>oblita,</strong></span> <span class='ocrx_word' id='word_1_250' title='bbox 2388 4172 2728 4264; x_wconf 86' lang='lat' dir='ltr'><strong>queritur,</strong></span> <span class='ocrx_word' id='word_1_251' title='bbox 2777 4171 3083 4239; x_wconf 86' lang='lat' dir='ltr'><strong>lacrimat</strong></span> <span class='ocrx_word' id='word_1_252' title='bbox 3107 4222 3128 4254; x_wconf 90' lang='lat'><strong>,</strong></span> <span class='ocrx_word' id='word_1_253' title='bbox 3182 4169 3526 4240; x_wconf 86' lang='lat' dir='ltr'><strong>domicilio</strong></span> <span class='ocrx_word' id='word_1_254' title='bbox 3575 4168 3928 4251; x_wconf 84' lang='lat' dir='ltr'><strong>adstricta,</strong></span> <span class='ocrx_word' id='word_1_255' title='bbox 3980 4192 4021 4236; x_wconf 92' lang='lat' dir='ltr'><strong>o</strong></span> <span class='ocrx_word' id='word_1_256' title='bbox 4064 4164 4189 4234; x_wconf 91' lang='lat' dir='ltr'><strong>do-</strong></span> 
     </span>
     <span class='ocr_line' id='line_1_29' title="bbox 1004 4284 3256 4386; baseline 0.006 -36"><span class='ocrx_word' id='word_1_257' title='bbox 1004 4284 1188 4351; x_wconf 87' lang='lat' dir='ltr'><strong>mine</strong></span> <span class='ocrx_word' id='word_1_258' title='bbox 1236 4284 1486 4369; x_wconf 89' lang='lat' dir='ltr'><strong>Hares,</strong></span> <span class='ocrx_word' id='word_1_259' title='bbox 1537 4287 1767 4355; x_wconf 67' lang='lat' dir='ltr'><strong>Radha</strong></span> <span class='ocrx_word' id='word_1_260' title='bbox 1817 4288 1971 4371; x_wconf 90' lang='lat' dir='ltr'><strong>illa,</strong></span> <span class='ocrx_word' id='word_1_261' title='bbox 2025 4316 2197 4385; x_wconf 83' lang='lat' dir='ltr'><strong>quae</strong></span> <span class='ocrx_word' id='word_1_262' title='bbox 2249 4291 2523 4386; x_wconf 87' lang='lat' dir='ltr'><strong>languet</strong></span> <span class='ocrx_word' id='word_1_263' title='bbox 2572 4292 2916 4365; x_wconf 89' lang='lat' dir='ltr'><strong>domicilio</strong></span> <span class='ocrx_word' id='word_1_264' title='bbox 2970 4294 3256 4363; x_wconf 87' lang='lat' dir='ltr'><strong>detenta.</strong></span> 
     </span>
    </p>

    <p class='ocr_par' dir='ltr' id='par_1_15' title="bbox 924 4404 4187 4625">
     <span class='ocr_line' id='line_1_30' title="bbox 924 4404 4187 4510; baseline 0.002 -38"><span class='ocrx_word' id='word_1_265' title='bbox 924 4417 983 4479; x_wconf 82' lang='lat'><strong>9.</strong></span> <span class='ocrx_word' id='word_1_266' title='bbox 1206 4404 1442 4476; x_wconf 86' lang='lat' dir='ltr'><strong>Sermo</strong></span> <span class='ocrx_word' id='word_1_267' title='bbox 1489 4409 1604 4477; x_wconf 88' lang='lat' dir='ltr'><strong>hic</strong></span> <span class='ocrx_word' id='word_1_268' title='bbox 1653 4412 1753 4503; x_wconf 88' lang='lat' dir='ltr'><strong>pii</strong></span> <span class='ocrx_word' id='word_1_269' title='bbox 1800 4412 2173 4506; x_wconf 76' lang='lat' dir='ltr'><strong>Jayadevae</strong></span> <span class='ocrx_word' id='word_1_270' title='bbox 2226 4414 2558 4485; x_wconf 85' lang='lat' dir='ltr'><strong>hilaritate</strong></span> <span class='ocrx_word' id='word_1_271' title='bbox 2610 4419 2950 4510; x_wconf 87' lang='lat' dir='ltr'><strong>impertiat</strong></span> <span class='ocrx_word' id='word_1_272' title='bbox 3012 4417 3397 4485; x_wconf 88' lang='lat' dir='ltr'><strong>amatoriam</strong></span> <span class='ocrx_word' id='word_1_273' title='bbox 3447 4432 3751 4509; x_wconf 87' lang='lat' dir='ltr'><strong>gentem,</strong></span> <span class='ocrx_word' id='word_1_274' title='bbox 3811 4436 3851 4482; x_wconf 88' lang='lat' dir='ltr'><strong>o</strong></span> <span class='ocrx_word' id='word_1_275' title='bbox 3915 4412 4187 4481; x_wconf 85' lang='lat' dir='ltr'><strong>domine</strong></span> 
     </span>
     <span class='ocr_line' id='line_1_31' title="bbox 1002 4523 2763 4625; baseline 0.009 -35"><span class='ocrx_word' id='word_1_276' title='bbox 1002 4523 1254 4608; x_wconf 87' lang='lat' dir='ltr'><strong>Hares,</strong></span> <span class='ocrx_word' id='word_1_277' title='bbox 1306 4527 1541 4595; x_wconf 88' lang='lat' dir='ltr'><strong>Radha</strong></span> <span class='ocrx_word' id='word_1_278' title='bbox 1590 4530 1706 4597; x_wconf 88' lang='lat' dir='ltr'><strong>illa</strong></span> <span class='ocrx_word' id='word_1_279' title='bbox 1759 4532 2032 4625; x_wconf 88' lang='lat' dir='ltr'><strong>languet</strong></span> <span class='ocrx_word' id='word_1_280' title='bbox 2082 4532 2425 4604; x_wconf 87' lang='lat' dir='ltr'><strong>domicilio</strong></span> <span class='ocrx_word' id='word_1_281' title='bbox 2475 4536 2763 4606; x_wconf 85' lang='lat' dir='ltr'><strong>detenta.</strong></span> 
     </span>
    </p>

    <p class='ocr_par' dir='ltr' id='par_1_16' title="bbox 892 4649 4195 5120">
     <span class='ocr_line' id='line_1_32' title="bbox 892 4649 4195 4750; baseline 0.002 -33"><span class='ocrx_word' id='word_1_282' title='bbox 892 4658 986 4719; x_wconf 88' lang='lat'><strong>10.</strong></span> <span class='ocrx_word' id='word_1_283' title='bbox 1202 4649 1520 4744; x_wconf 87' lang='lat' dir='ltr'><strong>Amplam</strong></span> <span class='ocrx_word' id='word_1_284' title='bbox 1561 4673 1943 4722; x_wconf 85' lang='lat' dir='ltr'><strong>erectorum</strong></span> <span class='ocrx_word' id='word_1_285' title='bbox 1991 4655 2290 4749; x_wconf 90' lang='lat' dir='ltr'><strong>pilorum</strong></span> <span class='ocrx_word' id='word_1_286' title='bbox 2338 4659 2584 4726; x_wconf 85' lang='lat' dir='ltr'><strong>seriem</strong></span> <span class='ocrx_word' id='word_1_287' title='bbox 2635 4661 2980 4743; x_wconf 86' lang='lat' dir='ltr'><strong>exhibens,</strong></span> <span class='ocrx_word' id='word_1_288' title='bbox 3031 4658 3446 4729; x_wconf 83' lang='lat' dir='ltr'><strong>balbutiente</strong></span> <span class='ocrx_word' id='word_1_289' title='bbox 3496 4684 3660 4728; x_wconf 86' lang='lat' dir='ltr'><strong>voce</strong></span> <span class='ocrx_word' id='word_1_290' title='bbox 3694 4659 3919 4741; x_wconf 85' lang='lat' dir='ltr'><strong>verba,</strong></span> <span class='ocrx_word' id='word_1_291' title='bbox 3975 4659 4195 4750; x_wconf 74' lang='lat' dir='ltr'><strong>suspi-</strong></span> 
     </span>
     <span class='ocr_line' id='line_1_33' title="bbox 1008 4768 4194 4876; baseline 0.004 -44"><span class='ocrx_word' id='word_1_292' title='bbox 1008 4768 1124 4834; x_wconf 88' lang='lat' dir='ltr'><strong>riis</strong></span> <span class='ocrx_word' id='word_1_293' title='bbox 1174 4772 1482 4863; x_wconf 85' lang='lat' dir='ltr'><strong>pinguia,</strong></span> <span class='ocrx_word' id='word_1_294' title='bbox 1538 4778 1805 4846; x_wconf 88' lang='lat' dir='ltr'><strong>interno</strong></span> <span class='ocrx_word' id='word_1_295' title='bbox 1871 4780 2097 4873; x_wconf 87' lang='lat' dir='ltr'><strong>rigore</strong></span> <span class='ocrx_word' id='word_1_296' title='bbox 2152 4781 2532 4864; x_wconf 81' lang='lat' dir='ltr'><strong>obstructa,</strong></span> <span class='ocrx_word' id='word_1_297' title='bbox 2578 4781 2879 4876; x_wconf 86' lang='lat' dir='ltr'><strong>profert,</strong></span> <span class='ocrx_word' id='word_1_298' title='bbox 2949 4798 3150 4875; x_wconf 82' lang='lat' dir='ltr'><strong>atque</strong></span> <span class='ocrx_word' id='word_1_299' title='bbox 3200 4782 3445 4849; x_wconf 87' lang='lat' dir='ltr'><strong>amoris</strong></span> <span class='ocrx_word' id='word_1_300' title='bbox 3499 4805 3656 4874; x_wconf 87' lang='lat' dir='ltr'><strong>erga</strong></span> <span class='ocrx_word' id='word_1_301' title='bbox 3708 4798 3773 4848; x_wconf 89' lang='lat' dir='ltr'><strong>te</strong></span> <span class='ocrx_word' id='word_1_302' title='bbox 3797 4828 3816 4860; x_wconf 86' lang='lat'>‚</span> <span class='ocrx_word' id='word_1_303' title='bbox 3882 4802 3922 4848; x_wconf 90' lang='lat'><strong>0</strong></span> <span class='ocrx_word' id='word_1_304' title='bbox 3988 4776 4194 4846; x_wconf 90' lang='lat' dir='ltr'><strong>dece-</strong></span> 
     </span>
     <span class='ocr_line' id='line_1_34' title="bbox 1006 4895 4193 4996; baseline 0.003 -40"><span class='ocrx_word' id='word_1_305' title='bbox 1006 4907 1164 4982; x_wconf 86' lang='lat' dir='ltr'><strong>ptor</strong></span> <span class='ocrx_word' id='word_1_306' title='bbox 1188 4941 1209 4973; x_wconf 90' lang='lat'><strong>,</strong></span> <span class='ocrx_word' id='word_1_307' title='bbox 1265 4895 1664 4992; x_wconf 82' lang='lat' dir='ltr'><strong>cogitatione</strong></span> <span class='ocrx_word' id='word_1_308' title='bbox 1717 4901 2037 4994; x_wconf 86' lang='lat' dir='ltr'><strong>abrepta,</strong></span> <span class='ocrx_word' id='word_1_309' title='bbox 2090 4924 2342 4971; x_wconf 86' lang='lat' dir='ltr'><strong>oceano</strong></span> <span class='ocrx_word' id='word_1_310' title='bbox 2394 4902 2698 4973; x_wconf 89' lang='lat' dir='ltr'><strong>dulcium</strong></span> <span class='ocrx_word' id='word_1_311' title='bbox 2755 4904 3302 4996; x_wconf 89' lang='lat' dir='ltr'><strong>imaginationum</strong></span> <span class='ocrx_word' id='word_1_312' title='bbox 3351 4904 3701 4984; x_wconf 87' lang='lat' dir='ltr'><strong>immersa,</strong></span> <span class='ocrx_word' id='word_1_313' title='bbox 3773 4899 4193 4969; x_wconf 82' lang='lat' dir='ltr'><strong>meditationi</strong></span> 
     </span>
     <span class='ocr_line' id='line_1_35' title="bbox 1005 5014 2978 5120; baseline 0.007 -41"><span class='ocrx_word' id='word_1_314' title='bbox 1005 5036 1152 5082; x_wconf 83' lang='lat' dir='ltr'><strong>sese</strong></span> <span class='ocrx_word' id='word_1_315' title='bbox 1197 5014 1401 5084; x_wconf 88' lang='lat' dir='ltr'><strong>tradit</strong></span> <span class='ocrx_word' id='word_1_316' title='bbox 1453 5016 1605 5100; x_wconf 90' lang='lat' dir='ltr'><strong>illa,</strong></span> <span class='ocrx_word' id='word_1_317' title='bbox 1659 5047 1829 5111; x_wconf 89' lang='lat' dir='ltr'><strong>quae</strong></span> <span class='ocrx_word' id='word_1_318' title='bbox 1884 5023 2095 5093; x_wconf 84' lang='lat' dir='ltr'><strong>oculis</strong></span> <span class='ocrx_word' id='word_1_319' title='bbox 2152 5021 2518 5094; x_wconf 81' lang='lat' dir='ltr'><strong>dorcadem</strong></span> <span class='ocrx_word' id='word_1_320' title='bbox 2571 5028 2978 5120; x_wconf 87' lang='lat' dir='ltr'><strong>aequiparat.</strong></span> 
     </span>
    </p>
   </div>
  </div>
 </body>
</html>
