4935 5819
965 475 1131 555 138
2168 471 2402 566 Ger
2451 472 2862 567 Govmm

633 721 810 784 Cant.
838 718 937 783 22.
960 714 1151 786 derio
1206 719 1560 814 voluptatis
1607 744 2043 818 occupatum,
2095 720 2477 817 profundae
2527 719 2814 790 laetitiae
2865 720 3152 814 imperio
3204 740 3350 787 sese
3400 718 3776 787 subiectum
3802 717 3972 788 facie
4025 717 4143 788 de·

959 838 1359 925 clarantem,
1410 844 1979 914 manifestatorem
2031 846 2297 914 amoris·

838 958 935 1023 27.
1151 963 1364 1047 Eum,
1416 965 1488 1030 in
1542 969 1726 1034 cuius
1778 967 1996 1047 vultu,
2049 962 2490 1033 tremulorum
2543 967 2872 1037 luminum
2928 967 3374 1036 errationibus
3419 965 3636 1036 nitido
3662 1018 3682 1049 ,
3736 970 4142 1062 conspicuus

955 1105 1096 1155 erat
1127 1089 1369 1156 amoris
1406 1114 1661 1173 sensus,
1716 1111 2034 1185 tanquam
2083 1091 2158 1156 in
2203 1088 2375 1173 lacu,
2427 1087 2793 1155 autumnali
2844 1106 3172 1183 tempore,
3220 1088 3444 1156 lusitat
3490 1114 3616 1182 par
3646 1087 4140 1158 Motacillarum

954 1211 1221 1294 avium,
1289 1213 1620 1303 gremium
1689 1237 2019 1306 expansae
2071 1214 2488 1308 nymphaeae
2555 1209 3164 1304 supervolantium,
3226 1212 3575 1305 conspexit
3633 1209 3788 1293 illa,
3853 1211 4140 1292 Harem,

946 1335 1067 1400 uni
1116 1331 1337 1400 studio
1385 1332 1739 1417 devotum,
1806 1333 2009 1431 longo
2070 1338 2204 1404 iam
2262 1353 2569 1430 ternpore
2635 1333 2976 1403 desiderio
3040 1334 3396 1429 voluptatis
3460 1351 3908 1427 occupatum,
3977 1357 4141 1428 pro·

945 1455 1199 1524 fundae
1251 1454 1540 1524 laetitiae
1584 1460 1873 1553 imperio
1928 1484 2073 1528 sese
2127 1459 2505 1528 subiectum
2543 1458 2712 1526 facie
2761 1456 3237 1539 declarantem,
3287 1456 3849 1525 manifestatorem
3876 1460 4136 1527 amoris·

831 1585 929 1650 2‘3.
1148 1583 1363 1663 Eum,
1418 1581 1503 1649 ad
1557 1586 1743 1651 cuius
1798 1583 2086 1667 vultum,
2140 1587 2560 1680 nymphaeae
2613 1581 2938 1663 similem,
2990 1580 3484 1648 laetificandum
3538 1599 3973 1673 congregatus
4019 1599 4139 1659 est,

947 1728 1074 1772 ceu
1128 1702 1420 1771 duorum
1469 1705 1727 1787 solum,
1780 1708 2117 1775 inaurium
2167 1706 2539 1802 splendor,
2594 1729 2786 1787 eum,
2853 1706 3040 1772 cuius
3091 1704 3300 1784 labia,
3362 1703 3535 1771 risus
3600 1704 3821 1770 nitore
3870 1698 4140 1767 radian-

943 1828 1067 1910 tia,
1120 1827 1360 1920 gaudio
1417 1830 1739 1914 tremula,
1790 1856 1981 1900 more
2036 1831 2462 1901 surculorum
2512 1830 3064 1925 gemmascentia,
3132 1828 3425 1896 excitant
3475 1824 3811 1893 desideria
3863 1826 4138 1906 amoris,

946 1975 1102 2018 eum
1148 1953 1498 2044 conspexit
1546 1951 1696 2036 illa,
1749 1955 2035 2038 Harem,
2088 1958 2205 2023 uni
2256 1955 2479 2024 studio
2538 1954 2892 2037 devotum,
2957 1952 3159 2048 longo
3230 1954 3364 2019 iam
3424 1969 3733 2044 tempore
3798 1947 4137 2017 desiderio

947 2072 1303 2166 voluptatis
1374 2093 1814 2169 occupatum,
1878 2077 2261 2171 profundae
2325 2079 2614 2147 laetitiae
2678 2081 2967 2172 imperio
3036 2101 3182 2145 sese
3245 2077 3624 2145 subiectum
3677 2074 3846 2143 facie
3911 2071 4141 2141 decla-

942 2211 1239 2278 rantem,
1290 2196 1855 2264 manifestatorem
1907 2202 2172 2267 amoris·

824 2319 956 2383 29.·
1141 2317 1349 2399 Eum,
1401 2319 1587 2384 cuius
1641 2342 1868 2403 coma,
1919 2320 2175 2414 pulcris
2228 2343 2459 2393 ornata
2509 2324 2814 2409 floribus,
2864 2325 3110 2420 placet,
3153 2324 3359 2393 veluti
3405 2323 3656 2404 nubes,
3707 2319 3905 2388 lunae
3932 2319 4137 2387 radiis

939 2435 1173 2508 medio
1219 2438 1581 2523 illustrata,
1637 2467 1825 2526 eum,
1876 2445 1950 2510 in
1995 2446 2179 2512 cuius
2211 2443 2434 2513 fronte
2470 2445 2658 2539 quod
2702 2465 2801 2514 est
2851 2449 3117 2541 siguum
3152 2444 3419 2514 Santalo
3454 2444 3832 2537 figuratum,
3884 2440 4137 2508 lumine

937 2561 1122 2630 lucet
1191 2566 1513 2658 puriore,
1586 2592 1790 2659 quam
1851 2567 2011 2635 luna
2065 2594 2194 2662 per
2255 2571 2567 2638 tenebras
2637 2573 2962 2654 emicans,
3028 2594 3185 2638 eum
3246 2570 3596 2663 conspexit
3645 2566 3796 2650 illa,
3848 2566 4134 2644 Harem,

941 2688 1059 2751 uni
1110 2687 1332 2755 studio
1388 2687 1733 2773 devotum,
1786 2688 1989 2785 longo
2041 2693 2174 2757 iam
2224 2710 2531 2787 tempore
2584 2690 2923 2762 desiderio
2977 2691 3331 2787 voluptatis
3378 2708 3800 2784 occupatum,
3843 2689 4128 2784 profun-

943 2805 1068 2874 dae
1119 2807 1404 2877 laetitiae
1455 2812 1741 2906 imperio
1787 2838 1929 2881 sese
1968 2815 2347 2882 subiectum
2398 2814 2567 2880 facie
2621 2812 3113 2897 declarantem,
3158 2812 3724 2880 manifestatorem
3773 2812 4035 2878 amoris.

819 2941 922 3004 30.
1140 2935 1350 3018 Eum,
1390 2936 1599 3004 multa
1631 2939 1928 3032 pilorum
1954 2942 2293 3008 erectione
2326 2939 2793 3021 horridulum,
2843 2937 3100 3004 lusibus
3132 2938 3400 3005 Amoris
3444 2937 3571 3003 rite
3614 2933 3974 3004 modulatis
4023 2936 4127 3000 in·

935 3055 1260 3137 hiantem,
1299 3059 1601 3125 membra
1638 3063 2065 3143 ornamentiS,
2107 3060 2508 3130 cumulatam
2542 3083 2954 3155 gemmarum
2982 3056 3428 3126 radiationem
3456 3057 3944 3152 spargentibus,
3995 3054 4128 3122 ful-

939 3179 1274 3269 gentibus,
1319 3179 1811 3262 laetificantem,
1864 3185 2215 3274 conspexit
2244 3183 2379 3266 illa,
2432 3186 2705 3265 Harem,
2753 3184 2873 3249 uni
2913 3182 3134 3250 studio
3170 3180 3506 3262 devotum,
3557 3179 3760 3273 longo
3791 3182 3922 3245 iam
3961 3198 4126 3245 tem-

936 3320 1111 3392 pore
1164 3298 1507 3370 desiderio
1559 3301 1921 3397 voluptatis
1977 3324 2413 3400 occupatum,
2464 3305 2846 3400 profundae
2894 3305 3180 3373 laetitiae
3230 3305 3519 3398 imperio
3558 3327 3702 3371 sese
3749 3302 4126 3370 subiectum

929 3419 1101 3489 facie
1153 3422 1606 3493 declarantem
1631 3476 1651 3509 ,
1707 3427 2275 3496 manifestatorem
2325 3430 2590 3497 amoris.

812 3555 911 3618 31.
1129 3544 1331 3612 Illum
1381 3545 1673 3632 Harem,
1729 3552 1915 3618 cuius
1962 3570 2511 3621 ornamentorum
2570 3571 2799 3621 coetus
2863 3552 3239 3646 geminatur
3298 3549 3600 3644 potentia
3659 3548 4024 3616 verborum
4085 3573 4125 3613 a

927 3671 1046 3765 pio
1093 3670 1429 3766 Jayadeva
1477 3671 1936 3766 prolatorum,
2000 3678 2120 3771 qui
2175 3678 2478 3771 praemia
2527 3675 2806 3771 largitur
2874 3699 3005 3770 pro
3077 3673 3336 3770 pulcris
3398 3670 3844 3755 facinoribus,
3913 3667 4122 3739 corde

928 3815 1198 3887 semper
1248 3811 1595 3878 tenentes,
1648 3799 2078 3864 veneramini.
2180 3799 2379 3867 Hunc
2434 3800 2788 3893 conspexit
2833 3797 2951 3865 illa
2995 3798 3284 3879 Harem,
3335 3797 3456 3863 uni
3507 3791 3728 3863 studio
3784 3792 4120 3873 devotum,

926 3913 1130 4009 longo
1183 3916 1315 3981 iam
1364 3933 1672 4010 tempore
1719 3917 2059 3988 desiderio
2109 3920 2470 4016 voluptatis
2527 3939 2968 4016 occupatum,
3033 3913 3415 4014 profundae
3479 3915 3767 3986 laetitiae
3830 3916 4117 4011 imperio

928 4061 1075 4105 sese
1124 4038 1505 4106 subiectum
1553 4038 1726 4107 facie
1778 4039 2268 4127 declarantem,
2321 4045 2889 4113 manifestatorem
2939 4043 3201 4111 amoris.

807 4164 911 4230 32.
1124 4161 1229 4228 Ex
1250 4158 1521 4230 Badhae
1574 4162 1809 4249 oculis,
1861 4166 1980 4260 qui
2022 4165 2243 4236 studio
2287 4167 2703 4263 pupillarum
2746 4165 3207 4249 tremularum,
3250 4164 3570 4234 viciniam
3599 4162 3826 4232 lateris
3856 4164 4116 4231 aurium

927 4283 1305 4379 transgredi
1329 4286 1734 4373 molitarum,
1775 4291 1966 4383 quasi
1994 4288 2237 4375 lassati,
2282 4290 2795 4375 deiiciebantur,
2829 4289 3088 4360 decidit
3117 4313 3321 4372 nuno,
3358 4312 3571 4383 quum
3606 4285 4116 4356 dilectissimum

925 4407 1392 4499 conspiceret,
1480 4425 1746 4477 torrens
1820 4409 2291 4498 lacrimarum,
2361 4413 2613 4484 laetitia
2675 4416 3228 4511 progenitarum,
3307 4411 3673 4508 palpebras
3753 4408 4111 4504 effugiens,

922 4525 1183 4596 flumini
1233 4555 1446 4624 aquae
1490 4531 1756 4602 sudoris
1807 4533 2063 4603 similis.

801 4650 901 4714 33.
1120 4649 1459 4735 Radham,
1516 4677 1689 4747 quae
1740 4658 2025 4750 margini
2074 4660 2209 4726 tori
2259 4659 2963 4755 appropinquaverat,
3027 4677 3392 4756 postquam
3454 4677 3682 4729 coetus
3746 4658 4114 4724 amicarum

921 4767 1344 4855 callentium,
1394 4776 1606 4843 risum
1649 4795 1861 4845 astuta
1910 4782 2173 4849 aurium
2221 4782 2602 4852 titillatione
2656 4781 3049 4866 celantium,
3116 4807 3155 4852 e
3207 4782 3413 4853 domo
3465 4784 3717 4850 exierat
3765 4796 3834 4848 et
3880 4774 4112 4874 puella

914 4891 1339 4987 puleticoma
1389 4897 1618 4965 amasii
1665 4897 1944 4983 faciem,
2006 4900 2227 4972 studio
2276 4904 2546 4974 Amoris
2597 4906 2790 4974 iussis
2841 4905 3362 5001 obtemperandi
3413 4903 3866 4985 laetificatam,
3941 4924 4110 4971 con·

914 5034 1269 5111 spexerat,
1318 5017 1598 5116 reliquit
1645 5046 1827 5094 nunc
1878 5044 1943 5095 et
1992 5025 2194 5123 longe
2244 5030 2410 5099 abiit
2457 5027 2566 5101 vel
2609 5027 2876 5124 pudor,
2919 5031 3069 5125 ipse
3120 5025 3585 5124 pudibundus.
