<?xml version="1.0" encoding="UTF-8"?>
<!DOCTYPE html PUBLIC "-//W3C//DTD XHTML 1.0 Transitional//EN"
    "http://www.w3.org/TR/xhtml1/DTD/xhtml1-transitional.dtd">
<html xmlns="http://www.w3.org/1999/xhtml" xml:lang="en" lang="en">
 <head>
  <title>
</title>
<meta http-equiv="Content-Type" content="text/html;charset=utf-8" />
  <meta name='ocr-system' content='tesseract 3.04.00' />
  <meta name='ocr-capabilities' content='ocr_page ocr_carea ocr_par ocr_line ocrx_word'/>
</head>
<body>
  <div class='ocr_page' id='page_1' title='image "./gitagovindajaya00lassgoog_0173.png"; bbox 0 0 4935 5819; ppageno 0'>
   <div class='ocr_carea' id='block_1_1' title="bbox 1564 498 3882 597">
    <p class='ocr_par' dir='ltr' id='par_1_1' title="bbox 1564 498 3882 597">
     <span class='ocr_line' id='line_1_1' title="bbox 1564 498 3882 597; baseline 0 -2"><span class='ocrx_word' id='word_1_1' title='bbox 1564 506 1890 595; x_wconf 65' lang='lat' dir='ltr'><strong>La&#39;rme</strong></span> <span class='ocrx_word' id='word_1_2' title='bbox 1939 498 2442 597; x_wconf 71' lang='lat' dir='ltr'><strong>Convnasns</strong></span> <span class='ocrx_word' id='word_1_3' title='bbox 2500 503 2674 596; x_wconf 89' lang='lat'><strong>111.</strong></span> <span class='ocrx_word' id='word_1_4' title='bbox 2735 516 3050 596; x_wconf 81' lang='grc'>8-16.</span> <span class='ocrx_word' id='word_1_5' title='bbox 3732 513 3882 595; x_wconf 68' lang='lat'><strong>121</strong></span> 
     </span>
    </p>
   </div>
   <div class='ocr_carea' id='block_1_2' title="bbox 678 726 4176 4027">
    <p class='ocr_par' dir='ltr' id='par_1_2' title="bbox 721 726 4176 1067">
     <span class='ocr_line' id='line_1_2' title="bbox 919 726 4176 850; baseline -0.001 -28"><span class='ocrx_word' id='word_1_6' title='bbox 919 754 1193 823; x_wconf 87' lang='lat' dir='ltr'><strong>Versari</strong></span> <span class='ocrx_word' id='word_1_7' title='bbox 1242 749 1489 819; x_wconf 81' lang='lat' dir='ltr'><strong>videris</strong></span> <span class='ocrx_word' id='word_1_8' title='bbox 1536 726 1764 818; x_wconf 85' lang='lat' dir='ltr'><strong>coram</strong></span> <span class='ocrx_word' id='word_1_9' title='bbox 1786 801 1806 832; x_wconf 93' lang='lat'><strong>,</strong></span> <span class='ocrx_word' id='word_1_10' title='bbox 1858 748 2216 817; x_wconf 81' lang='lat' dir='ltr'><strong>adventum</strong></span> <span class='ocrx_word' id='word_1_11' title='bbox 2268 768 2334 817; x_wconf 89' lang='lat' dir='ltr'><strong>et</strong></span> <span class='ocrx_word' id='word_1_12' title='bbox 2385 746 2758 842; x_wconf 84' lang='lat' dir='ltr'><strong>digressum</strong></span> <span class='ocrx_word' id='word_1_13' title='bbox 2809 754 3192 840; x_wconf 81' lang='lat' dir='ltr'><strong>instituens;</strong></span> <span class='ocrx_word' id='word_1_14' title='bbox 3245 780 3365 824; x_wconf 86' lang='lat' dir='ltr'><strong>cur</strong></span> <span class='ocrx_word' id='word_1_15' title='bbox 3415 779 3553 824; x_wconf 91' lang='lat' dir='ltr'><strong>non</strong></span> <span class='ocrx_word' id='word_1_16' title='bbox 3580 756 3889 850; x_wconf 81' lang='lat' dir='ltr'>praebes,</span> <span class='ocrx_word' id='word_1_17' title='bbox 3912 752 4087 818; x_wconf 83' lang='lat' dir='ltr'><strong>Cant.</strong></span> <span class='ocrx_word' id='word_1_18' title='bbox 4116 751 4176 818; x_wconf 87' lang='lat'><strong>7.</strong></span> 
     </span>
     <span class='ocr_line' id='line_1_3' title="bbox 721 855 3965 971; baseline 0 -27"><span class='ocrx_word' id='word_1_19' title='bbox 721 899 796 946; x_wconf 91' lang='lat' dir='ltr'><strong>ut</strong></span> <span class='ocrx_word' id='word_1_20' title='bbox 847 878 1046 959; x_wconf 90' lang='lat' dir='ltr'><strong>olim,</strong></span> <span class='ocrx_word' id='word_1_21' title='bbox 1100 872 1346 968; x_wconf 87' lang='lat' dir='ltr'><strong>cupide</strong></span> <span class='ocrx_word' id='word_1_22' title='bbox 1397 871 1831 968; x_wconf 80' lang='lat' dir='ltr'><strong>amplexum?</strong></span> <span class='ocrx_word' id='word_1_23' title='bbox 1935 872 2141 954; x_wconf 89' lang='lat' dir='ltr'><strong>eheu,</strong></span> <span class='ocrx_word' id='word_1_24' title='bbox 2192 872 2364 941; x_wconf 88' lang='lat' dir='ltr'><strong>eheu</strong></span> <span class='ocrx_word' id='word_1_25' title='bbox 2416 876 2581 942; x_wconf 88' lang='lat' dir='ltr'><strong>abiit</strong></span> <span class='ocrx_word' id='word_1_26' title='bbox 2628 893 2943 969; x_wconf 88' lang='lat' dir='ltr'><strong>tanquam</strong></span> <span class='ocrx_word' id='word_1_27' title='bbox 2995 876 3318 945; x_wconf 84' lang='lat' dir='ltr'><strong>iracunda</strong></span> <span class='ocrx_word' id='word_1_28' title='bbox 3370 877 3457 947; x_wconf 88' lang='lat' dir='ltr'><strong>ob</strong></span> <span class='ocrx_word' id='word_1_29' title='bbox 3508 877 3892 971; x_wconf 87' lang='lat' dir='ltr'><strong>neglectum</strong></span> <span class='ocrx_word' id='word_1_30' title='bbox 3907 855 3965 918; x_wconf 76' lang='lat'><strong>3·</strong></span> 
     </span>
     <span class='ocr_line' id='line_1_4' title="bbox 725 1000 1144 1067; baseline -0.005 -1"><span class='ocrx_word' id='word_1_31' title='bbox 725 1004 827 1067; x_wconf 89' lang='lat' dir='ltr'><strong>sui</strong></span> <span class='ocrx_word' id='word_1_32' title='bbox 874 1000 1144 1067; x_wconf 87' lang='lat' dir='ltr'><strong>cultum.</strong></span> 
     </span>
    </p>

    <p class='ocr_par' dir='ltr' id='par_1_3' title="bbox 727 1117 3969 1434">
     <span class='ocr_line' id='line_1_5' title="bbox 925 1117 3969 1215; baseline -0.002 -29"><span class='ocrx_word' id='word_1_33' title='bbox 925 1120 1234 1214; x_wconf 81' lang='lat' dir='ltr'><strong>Ignosce!</strong></span> <span class='ocrx_word' id='word_1_34' title='bbox 1289 1123 1533 1188; x_wconf 86' lang='lat' dir='ltr'><strong>iterum</strong></span> <span class='ocrx_word' id='word_1_35' title='bbox 1582 1118 1712 1187; x_wconf 89' lang='lat' dir='ltr'><strong>tale</strong></span> <span class='ocrx_word' id='word_1_36' title='bbox 1765 1117 1933 1212; x_wconf 88' lang='lat' dir='ltr'><strong>quid</strong></span> <span class='ocrx_word' id='word_1_37' title='bbox 1995 1118 2117 1185; x_wconf 89' lang='lat' dir='ltr'><strong>tibi</strong></span> <span class='ocrx_word' id='word_1_38' title='bbox 2181 1143 2525 1212; x_wconf 87' lang='lat' dir='ltr'><strong>nunquam</strong></span> <span class='ocrx_word' id='word_1_39' title='bbox 2591 1119 2913 1204; x_wconf 87' lang='lat' dir='ltr'><strong>inseram,</strong></span> <span class='ocrx_word' id='word_1_40' title='bbox 2989 1121 3243 1215; x_wconf 87' lang='lat' dir='ltr'><strong>praebe</strong></span> <span class='ocrx_word' id='word_1_41' title='bbox 3311 1120 3479 1186; x_wconf 86' lang='lat' dir='ltr'><strong>mihi</strong></span> <span class='ocrx_word' id='word_1_42' title='bbox 3523 1137 3892 1212; x_wconf 24' lang='lat' dir='ltr'><strong>*aspectum</strong></span> <span class='ocrx_word' id='word_1_43' title='bbox 3912 1120 3969 1182; x_wconf 85' lang='lat'><strong>9.</strong></span> 
     </span>
     <span class='ocr_line' id='line_1_6' title="bbox 727 1241 3896 1336; baseline -0.001 -27"><span class='ocrx_word' id='word_1_44' title='bbox 727 1264 950 1324; x_wconf 89' lang='lat' dir='ltr'><strong>tuum,</strong></span> <span class='ocrx_word' id='word_1_45' title='bbox 1029 1268 1256 1312; x_wconf 89' lang='lat' dir='ltr'><strong>amore</strong></span> <span class='ocrx_word' id='word_1_46' title='bbox 1324 1266 1503 1312; x_wconf 89' lang='lat' dir='ltr'><strong>uror.</strong></span> <span class='ocrx_word' id='word_1_47' title='bbox 1614 1242 1845 1321; x_wconf 88' lang='lat' dir='ltr'><strong>Eheu,</strong></span> <span class='ocrx_word' id='word_1_48' title='bbox 1921 1242 2093 1307; x_wconf 91' lang='lat' dir='ltr'><strong>eheu</strong></span> <span class='ocrx_word' id='word_1_49' title='bbox 2162 1241 2323 1309; x_wconf 89' lang='lat' dir='ltr'><strong>abiit</strong></span> <span class='ocrx_word' id='word_1_50' title='bbox 2391 1262 2706 1336; x_wconf 88' lang='lat' dir='ltr'><strong>tanquam</strong></span> <span class='ocrx_word' id='word_1_51' title='bbox 2777 1243 3101 1312; x_wconf 88' lang='lat' dir='ltr'><strong>iracunda</strong></span> <span class='ocrx_word' id='word_1_52' title='bbox 3181 1244 3268 1312; x_wconf 89' lang='lat' dir='ltr'><strong>ob</strong></span> <span class='ocrx_word' id='word_1_53' title='bbox 3342 1242 3725 1336; x_wconf 87' lang='lat' dir='ltr'><strong>neglectum</strong></span> <span class='ocrx_word' id='word_1_54' title='bbox 3795 1245 3896 1308; x_wconf 93' lang='lat' dir='ltr'><strong>sui</strong></span> 
     </span>
     <span class='ocr_line' id='line_1_7' title="bbox 729 1366 996 1434; baseline -0.004 -1"><span class='ocrx_word' id='word_1_55' title='bbox 729 1366 996 1434; x_wconf 87' lang='lat' dir='ltr'><strong>cultum.</strong></span> 
     </span>
    </p>

    <p class='ocr_par' dir='ltr' id='par_1_4' title="bbox 728 1484 4020 1828">
     <span class='ocr_line' id='line_1_8' title="bbox 927 1484 4020 1583; baseline -0.002 -28"><span class='ocrx_word' id='word_1_56' title='bbox 927 1490 1361 1582; x_wconf 83' lang='lat' dir='ltr'><strong>Descriptum</strong></span> <span class='ocrx_word' id='word_1_57' title='bbox 1412 1507 1513 1556; x_wconf 90' lang='lat' dir='ltr'><strong>est</strong></span> <span class='ocrx_word' id='word_1_58' title='bbox 1577 1489 1710 1557; x_wconf 90' lang='lat' dir='ltr'><strong>hoc</strong></span> <span class='ocrx_word' id='word_1_59' title='bbox 1774 1514 1811 1555; x_wconf 88' lang='lat' dir='ltr'><strong>a</strong></span> <span class='ocrx_word' id='word_1_60' title='bbox 1873 1488 2240 1583; x_wconf 70' lang='lat' dir='ltr'><strong>Jayadeva‚</strong></span> <span class='ocrx_word' id='word_1_61' title='bbox 2309 1489 2503 1553; x_wconf 85' lang='lat' dir='ltr'><strong>Haris</strong></span> <span class='ocrx_word' id='word_1_62' title='bbox 2570 1486 2922 1555; x_wconf 79' lang='lat' dir='ltr'><strong>adoratore</strong></span> <span class='ocrx_word' id='word_1_63' title='bbox 2953 1539 2972 1569; x_wconf 91' lang='lat'><strong>,</strong></span> <span class='ocrx_word' id='word_1_64' title='bbox 3048 1512 3084 1554; x_wconf 92' lang='lat' dir='ltr'><strong>e</strong></span> <span class='ocrx_word' id='word_1_65' title='bbox 3138 1484 3580 1555; x_wconf 85' lang='lat' dir='ltr'><strong>Kinduvilvae</strong></span> <span class='ocrx_word' id='word_1_66' title='bbox 3647 1509 3896 1553; x_wconf 90' lang='lat' dir='ltr'><strong>oceano</strong></span> <span class='ocrx_word' id='word_1_67' title='bbox 3925 1485 4020 1548; x_wconf 88' lang='grc'><strong>10.</strong></span> 
     </span>
     <span class='ocr_line' id='line_1_9' title="bbox 728 1608 3903 1705; baseline -0.003 -25"><span class='ocrx_word' id='word_1_68' title='bbox 728 1629 1167 1702; x_wconf 79' lang='lat' dir='ltr'>exsurgente,</span> <span class='ocrx_word' id='word_1_69' title='bbox 1224 1610 1578 1680; x_wconf 77' lang='lat' dir='ltr'><strong>Rohintdis</strong></span> <span class='ocrx_word' id='word_1_70' title='bbox 1633 1614 1935 1705; x_wconf 86' lang='lat' dir='ltr'><strong>coniugi,</strong></span> <span class='ocrx_word' id='word_1_71' title='bbox 2002 1613 2237 1692; x_wconf 90' lang='lat' dir='ltr'><strong>Luno‚</strong></span> <span class='ocrx_word' id='word_1_72' title='bbox 2312 1611 2530 1677; x_wconf 85' lang='lat' dir='ltr'>simili.</span> <span class='ocrx_word' id='word_1_73' title='bbox 2647 1611 2877 1691; x_wconf 88' lang='lat' dir='ltr'><strong>Eheu,</strong></span> <span class='ocrx_word' id='word_1_74' title='bbox 2930 1611 3104 1677; x_wconf 90' lang='lat' dir='ltr'><strong>eheu</strong></span> <span class='ocrx_word' id='word_1_75' title='bbox 3174 1611 3339 1679; x_wconf 89' lang='lat' dir='ltr'><strong>abiit</strong></span> <span class='ocrx_word' id='word_1_76' title='bbox 3402 1608 3519 1676; x_wconf 90' lang='lat' dir='ltr'><strong>illa</strong></span> <span class='ocrx_word' id='word_1_77' title='bbox 3586 1628 3903 1700; x_wconf 82' lang='lat' dir='ltr'>tanquam</span> 
     </span>
     <span class='ocr_line' id='line_1_10' title="bbox 730 1732 2110 1828; baseline -0.001 -28"><span class='ocrx_word' id='word_1_78' title='bbox 730 1733 1054 1802; x_wconf 86' lang='lat' dir='ltr'><strong>iracunda</strong></span> <span class='ocrx_word' id='word_1_79' title='bbox 1105 1734 1193 1801; x_wconf 89' lang='lat' dir='ltr'><strong>ob</strong></span> <span class='ocrx_word' id='word_1_80' title='bbox 1247 1732 1629 1828; x_wconf 88' lang='lat' dir='ltr'><strong>neglectum</strong></span> <span class='ocrx_word' id='word_1_81' title='bbox 1679 1736 1782 1802; x_wconf 88' lang='lat' dir='ltr'><strong>sui</strong></span> <span class='ocrx_word' id='word_1_82' title='bbox 1840 1733 2110 1800; x_wconf 89' lang='lat' dir='ltr'><strong>cultum.</strong></span> 
     </span>
    </p>

    <p class='ocr_par' dir='ltr' id='par_1_5' title="bbox 729 1854 4023 2316">
     <span class='ocr_line' id='line_1_11' title="bbox 924 1854 4023 1949; baseline -0.001 -27"><span class='ocrx_word' id='word_1_83' title='bbox 924 1858 1005 1922; x_wconf 91' lang='lat' dir='ltr'><strong>In</strong></span> <span class='ocrx_word' id='word_1_84' title='bbox 1038 1874 1336 1949; x_wconf 82' lang='lat' dir='ltr'><strong>pectore</strong></span> <span class='ocrx_word' id='word_1_85' title='bbox 1387 1875 1487 1924; x_wconf 91' lang='lat' dir='ltr'><strong>est</strong></span> <span class='ocrx_word' id='word_1_86' title='bbox 1537 1873 2000 1925; x_wconf 88' lang='lat' dir='ltr'><strong>ornamentum</strong></span> <span class='ocrx_word' id='word_1_87' title='bbox 2051 1880 2133 1924; x_wconf 81' lang='lat' dir='ltr'><strong>ex</strong></span> <span class='ocrx_word' id='word_1_88' title='bbox 2182 1856 2508 1931; x_wconf 80' lang='lat' dir='ltr'><strong>fibrarum</strong></span> <span class='ocrx_word' id='word_1_89' title='bbox 2555 1854 2684 1922; x_wconf 87' lang='lat' dir='ltr'><strong>filis</strong></span> <span class='ocrx_word' id='word_1_90' title='bbox 2735 1880 2980 1922; x_wconf 85' lang='lat' dir='ltr'><strong>nexum</strong></span> <span class='ocrx_word' id='word_1_91' title='bbox 3008 1906 3028 1936; x_wconf 91' lang='lat'><strong>,</strong></span> <span class='ocrx_word' id='word_1_92' title='bbox 3078 1879 3217 1924; x_wconf 91' lang='lat' dir='ltr'><strong>non</strong></span> <span class='ocrx_word' id='word_1_93' title='bbox 3270 1857 3468 1922; x_wconf 88' lang='lat' dir='ltr'><strong>crista</strong></span> <span class='ocrx_word' id='word_1_94' title='bbox 3531 1857 4023 1946; x_wconf 77' lang='lat' dir='ltr'><strong>serpenti5311.</strong></span> 
     </span>
     <span class='ocr_line' id='line_1_12' title="bbox 732 1975 3907 2073; baseline 0.001 -30"><span class='ocrx_word' id='word_1_95' title='bbox 732 1981 801 2044; x_wconf 91' lang='lat' dir='ltr'><strong>in</strong></span> <span class='ocrx_word' id='word_1_96' title='bbox 849 1977 1024 2046; x_wconf 89' lang='lat' dir='ltr'><strong>collo</strong></span> <span class='ocrx_word' id='word_1_97' title='bbox 1077 1978 1236 2047; x_wconf 84' lang='lat' dir='ltr'><strong>folia</strong></span> <span class='ocrx_word' id='word_1_98' title='bbox 1285 1979 1814 2073; x_wconf 79' lang='lat' dir='ltr'><strong>nymphaearum</strong></span> <span class='ocrx_word' id='word_1_99' title='bbox 1858 1996 2067 2060; x_wconf 87' lang='lat' dir='ltr'><strong>serta,</strong></span> <span class='ocrx_word' id='word_1_100' title='bbox 2120 2002 2261 2046; x_wconf 90' lang='lat' dir='ltr'><strong>non</strong></span> <span class='ocrx_word' id='word_1_101' title='bbox 2309 1978 2638 2073; x_wconf 80' lang='lat' dir='ltr'><strong>splendor</strong></span> <span class='ocrx_word' id='word_1_102' title='bbox 2684 1979 2958 2062; x_wconf 78' lang='lat' dir='ltr'><strong>veneni3</strong></span> <span class='ocrx_word' id='word_1_103' title='bbox 3009 1976 3227 2071; x_wconf 87' lang='lat' dir='ltr'><strong>pulvis</strong></span> <span class='ocrx_word' id='word_1_104' title='bbox 3278 1975 3527 2044; x_wconf 85' lang='lat' dir='ltr'><strong>Santali</strong></span> <span class='ocrx_word' id='word_1_105' title='bbox 3591 1978 3703 2043; x_wconf 91' lang='lat' dir='ltr'><strong>hic</strong></span> <span class='ocrx_word' id='word_1_106' title='bbox 3770 1998 3907 2064; x_wconf 89' lang='lat' dir='ltr'><strong>est,</strong></span> 
     </span>
     <span class='ocr_line' id='line_1_13' title="bbox 729 2100 3909 2194; baseline 0 -28"><span class='ocrx_word' id='word_1_107' title='bbox 729 2124 866 2167; x_wconf 89' lang='lat' dir='ltr'><strong>non</strong></span> <span class='ocrx_word' id='word_1_108' title='bbox 928 2102 1224 2187; x_wconf 83' lang='lat' dir='ltr'><strong>cineres;</strong></span> <span class='ocrx_word' id='word_1_109' title='bbox 1273 2100 1459 2183; x_wconf 90' lang='lat' dir='ltr'><strong>noli,</strong></span> <span class='ocrx_word' id='word_1_110' title='bbox 1509 2101 1754 2183; x_wconf 87' lang='lat' dir='ltr'><strong>Amor,</strong></span> <span class='ocrx_word' id='word_1_111' title='bbox 1805 2103 2057 2170; x_wconf 85' lang='lat' dir='ltr'><strong>saevire</strong></span> <span class='ocrx_word' id='word_1_112' title='bbox 2107 2103 2180 2168; x_wconf 89' lang='lat' dir='ltr'><strong>in</strong></span> <span class='ocrx_word' id='word_1_113' title='bbox 2229 2127 2373 2184; x_wconf 90' lang='lat' dir='ltr'><strong>me,</strong></span> <span class='ocrx_word' id='word_1_114' title='bbox 2425 2119 2638 2169; x_wconf 88' lang='lat' dir='ltr'><strong>amata</strong></span> <span class='ocrx_word' id='word_1_115' title='bbox 2682 2101 3059 2194; x_wconf 85' lang='lat' dir='ltr'><strong>privatum,</strong></span> <span class='ocrx_word' id='word_1_116' title='bbox 3110 2100 3359 2166; x_wconf 90' lang='lat' dir='ltr'><strong>Haram</strong></span> <span class='ocrx_word' id='word_1_117' title='bbox 3404 2122 3514 2165; x_wconf 90' lang='lat' dir='ltr'><strong>me</strong></span> <span class='ocrx_word' id='word_1_118' title='bbox 3566 2100 3909 2192; x_wconf 59' lang='lat' dir='ltr'><strong>opinatum,</strong></span> 
     </span>
     <span class='ocr_line' id='line_1_14' title="bbox 731 2221 1457 2316; baseline 0 -27"><span class='ocrx_word' id='word_1_119' title='bbox 731 2221 897 2315; x_wconf 88' lang='lat' dir='ltr'><strong>quid</strong></span> <span class='ocrx_word' id='word_1_120' title='bbox 939 2248 1047 2289; x_wconf 89' lang='lat' dir='ltr'><strong>me</strong></span> <span class='ocrx_word' id='word_1_121' title='bbox 1098 2225 1197 2289; x_wconf 88' lang='lat' dir='ltr'><strong>ira</strong></span> <span class='ocrx_word' id='word_1_122' title='bbox 1240 2222 1457 2316; x_wconf 77' lang='lat' dir='ltr'><strong>petis?</strong></span> 
     </span>
    </p>

    <p class='ocr_par' dir='ltr' id='par_1_6' title="bbox 734 2344 4028 2809">
     <span class='ocr_line' id='line_1_15' title="bbox 926 2344 4028 2441; baseline 0.001 -30"><span class='ocrx_word' id='word_1_123' title='bbox 926 2345 1084 2413; x_wconf 89' lang='lat' dir='ltr'><strong>Noli</strong></span> <span class='ocrx_word' id='word_1_124' title='bbox 1129 2371 1328 2413; x_wconf 89' lang='lat' dir='ltr'><strong>manu</strong></span> <span class='ocrx_word' id='word_1_125' title='bbox 1377 2347 1719 2439; x_wconf 83' lang='lat' dir='ltr'><strong>prendere</strong></span> <span class='ocrx_word' id='word_1_126' title='bbox 1771 2350 2068 2441; x_wconf 75' lang='lat' dir='ltr'><strong>sagittam</strong></span> <span class='ocrx_word' id='word_1_127' title='bbox 2114 2347 2563 2441; x_wconf 83' lang='lat' dir='ltr'><strong>Mangiserae,</strong></span> <span class='ocrx_word' id='word_1_128' title='bbox 2609 2345 2751 2415; x_wconf 90' lang='lat' dir='ltr'><strong>noli</strong></span> <span class='ocrx_word' id='word_1_129' title='bbox 2801 2371 3033 2414; x_wconf 89' lang='lat' dir='ltr'><strong>arcum</strong></span> <span class='ocrx_word' id='word_1_130' title='bbox 3081 2344 3356 2427; x_wconf 88' lang='lat' dir='ltr'><strong>lunare,</strong></span> <span class='ocrx_word' id='word_1_131' title='bbox 3409 2370 3447 2413; x_wconf 97' lang='grc'>0</span> <span class='ocrx_word' id='word_1_132' title='bbox 3501 2362 3607 2426; x_wconf 90' lang='lat' dir='ltr'><strong>tu,</strong></span> <span class='ocrx_word' id='word_1_133' title='bbox 3653 2347 3771 2437; x_wconf 84' lang='lat' dir='ltr'><strong>qui</strong></span> <span class='ocrx_word' id='word_1_134' title='bbox 3805 2344 3909 2410; x_wconf 89' lang='lat' dir='ltr'><strong>lu-</strong></span> <span class='ocrx_word' id='word_1_135' title='bbox 3932 2352 4028 2413; x_wconf 77' lang='lat'><strong>12.</strong></span> 
     </span>
     <span class='ocr_line' id='line_1_16' title="bbox 734 2454 3909 2566; baseline -0.001 -31"><span class='ocrx_word' id='word_1_136' title='bbox 734 2470 900 2536; x_wconf 89' lang='lat' dir='ltr'><strong>dens</strong></span> <span class='ocrx_word' id='word_1_137' title='bbox 947 2469 1443 2537; x_wconf 82' lang='lat' dir='ltr'><strong>universitatem</strong></span> <span class='ocrx_word' id='word_1_138' title='bbox 1484 2496 1713 2537; x_wconf 90' lang='lat' dir='ltr'><strong>rerum</strong></span> <span class='ocrx_word' id='word_1_139' title='bbox 1759 2474 1988 2540; x_wconf 85' lang='lat' dir='ltr'><strong>vincis.</strong></span> <span class='ocrx_word' id='word_1_140' title='bbox 2092 2472 2261 2566; x_wconf 89' lang='lat' dir='ltr'><strong>quid</strong></span> <span class='ocrx_word' id='word_1_141' title='bbox 2310 2472 2568 2539; x_wconf 80' lang='lat' dir='ltr'><strong>virtutis</strong></span> <span class='ocrx_word' id='word_1_142' title='bbox 2618 2472 2793 2537; x_wconf 89' lang='lat' dir='ltr'><strong>inest</strong></span> <span class='ocrx_word' id='word_1_143' title='bbox 2841 2472 2913 2535; x_wconf 90' lang='lat' dir='ltr'><strong>in</strong></span> <span class='ocrx_word' id='word_1_144' title='bbox 2958 2454 3264 2537; x_wconf 81' lang='lat' dir='ltr'><strong>feriendo</strong></span> <span class='ocrx_word' id='word_1_145' title='bbox 3298 2470 3570 2537; x_wconf 89' lang='lat' dir='ltr'><strong>homine</strong></span> <span class='ocrx_word' id='word_1_146' title='bbox 3600 2466 3909 2533; x_wconf 76' lang='lat' dir='ltr'><strong>deiecto?</strong></span> 
     </span>
     <span class='ocr_line' id='line_1_17' title="bbox 735 2587 3913 2687; baseline -0.002 -29"><span class='ocrx_word' id='word_1_147' title='bbox 735 2593 933 2659; x_wconf 90' lang='lat' dir='ltr'><strong>Mens</strong></span> <span class='ocrx_word' id='word_1_148' title='bbox 985 2615 1132 2657; x_wconf 88' lang='lat' dir='ltr'><strong>mea</strong></span> <span class='ocrx_word' id='word_1_149' title='bbox 1183 2591 1422 2659; x_wconf 89' lang='lat' dir='ltr'><strong>obruta</strong></span> <span class='ocrx_word' id='word_1_150' title='bbox 1464 2594 1597 2659; x_wconf 89' lang='lat' dir='ltr'><strong>iam</strong></span> <span class='ocrx_word' id='word_1_151' title='bbox 1639 2595 1909 2661; x_wconf 82' lang='lat' dir='ltr'><strong>turbine</strong></span> <span class='ocrx_word' id='word_1_152' title='bbox 1961 2596 2346 2687; x_wconf 81' lang='lat' dir='ltr'><strong>sagittarum</strong></span> <span class='ocrx_word' id='word_1_153' title='bbox 2403 2621 2443 2661; x_wconf 89' lang='lat' dir='ltr'><strong>a</strong></span> <span class='ocrx_word' id='word_1_154' title='bbox 2492 2593 2670 2661; x_wconf 84' lang='lat' dir='ltr'><strong>limis</strong></span> <span class='ocrx_word' id='word_1_155' title='bbox 2730 2592 2911 2659; x_wconf 84' lang='lat' dir='ltr'><strong>illius</strong></span> <span class='ocrx_word' id='word_1_156' title='bbox 2975 2590 3404 2684; x_wconf 82' lang='lat' dir='ltr'><strong>pulcerrimis</strong></span> <span class='ocrx_word' id='word_1_157' title='bbox 3466 2587 3681 2657; x_wconf 89' lang='lat' dir='ltr'><strong>oculis</strong></span> <span class='ocrx_word' id='word_1_158' title='bbox 3746 2587 3913 2655; x_wconf 81' lang='lat' dir='ltr'><strong>voli-</strong></span> 
     </span>
     <span class='ocr_line' id='line_1_18' title="bbox 740 2713 3048 2809; baseline 0 -30"><span class='ocrx_word' id='word_1_159' title='bbox 740 2716 1018 2781; x_wconf 88' lang='lat' dir='ltr'><strong>tantium</strong></span> <span class='ocrx_word' id='word_1_160' title='bbox 1039 2765 1060 2796; x_wconf 93' lang='lat'>‚</span> <span class='ocrx_word' id='word_1_161' title='bbox 1112 2737 1152 2781; x_wconf 95' lang='lat' dir='ltr'><strong>o</strong></span> <span class='ocrx_word' id='word_1_162' title='bbox 1197 2715 1451 2801; x_wconf 89' lang='lat' dir='ltr'><strong>Amor,</strong></span> <span class='ocrx_word' id='word_1_163' title='bbox 1502 2713 1609 2782; x_wconf 84' lang='lat' dir='ltr'><strong>vel</strong></span> <span class='ocrx_word' id='word_1_164' title='bbox 1657 2714 1864 2784; x_wconf 87' lang='lat' dir='ltr'><strong>hodie</strong></span> <span class='ocrx_word' id='word_1_165' title='bbox 1913 2741 2000 2783; x_wconf 91' lang='lat' dir='ltr'><strong>ne</strong></span> <span class='ocrx_word' id='word_1_166' title='bbox 2048 2717 2324 2784; x_wconf 89' lang='lat' dir='ltr'><strong>minime</strong></span> <span class='ocrx_word' id='word_1_167' title='bbox 2368 2715 2648 2809; x_wconf 86' lang='lat' dir='ltr'><strong>quidem</strong></span> <span class='ocrx_word' id='word_1_168' title='bbox 2698 2715 3048 2782; x_wconf 81' lang='lat' dir='ltr'><strong>reviviscit.</strong></span> 
     </span>
    </p>

    <p class='ocr_par' dir='ltr' id='par_1_7' title="bbox 738 2834 4032 3178">
     <span class='ocr_line' id='line_1_19' title="bbox 937 2834 4032 2931; baseline -0 -29"><span class='ocrx_word' id='word_1_169' title='bbox 937 2834 1261 2904; x_wconf 89' lang='lat' dir='ltr'><strong>Surculus</strong></span> <span class='ocrx_word' id='word_1_170' title='bbox 1312 2836 1829 2931; x_wconf 87' lang='lat' dir='ltr'><strong>superciliorum</strong></span> <span class='ocrx_word' id='word_1_171' title='bbox 1849 2850 2052 2907; x_wconf 84' lang='lat' dir='ltr'><strong>&#39;arcus</strong></span> <span class='ocrx_word' id='word_1_172' title='bbox 2104 2856 2223 2921; x_wconf 89' lang='lat' dir='ltr'><strong>est,</strong></span> <span class='ocrx_word' id='word_1_173' title='bbox 2273 2837 2528 2904; x_wconf 87' lang='lat' dir='ltr'><strong>lumina</strong></span> <span class='ocrx_word' id='word_1_174' title='bbox 2565 2855 2838 2931; x_wconf 89' lang='lat' dir='ltr'><strong>aspectu</strong></span> <span class='ocrx_word' id='word_1_175' title='bbox 2874 2834 3265 2903; x_wconf 83' lang='lat' dir='ltr'><strong>exsultantia</strong></span> <span class='ocrx_word' id='word_1_176' title='bbox 3299 2836 3608 2930; x_wconf 80' lang='lat' dir='ltr'><strong>sagittae,</strong></span> <span class='ocrx_word' id='word_1_177' title='bbox 3654 2836 3915 2900; x_wconf 89' lang='lat' dir='ltr'><strong>aurium</strong></span> <span class='ocrx_word' id='word_1_178' title='bbox 3936 2840 4032 2903; x_wconf 87' lang='grc'><strong>13.</strong></span> 
     </span>
     <span class='ocr_line' id='line_1_20' title="bbox 738 2954 3912 3055; baseline -0.002 -29"><span class='ocrx_word' id='word_1_179' title='bbox 738 2983 966 3052; x_wconf 87' lang='lat' dir='ltr'><strong>margo</strong></span> <span class='ocrx_word' id='word_1_180' title='bbox 1021 2958 1294 3028; x_wconf 88' lang='lat' dir='ltr'><strong>chorda.</strong></span> <span class='ocrx_word' id='word_1_181' title='bbox 1397 2960 1539 3027; x_wconf 89' lang='lat' dir='ltr'><strong>Cur</strong></span> <span class='ocrx_word' id='word_1_182' title='bbox 1590 2961 2014 3055; x_wconf 86' lang='lat' dir='ltr'><strong>suppeditata</strong></span> <span class='ocrx_word' id='word_1_183' title='bbox 2066 2980 2220 3028; x_wconf 89' lang='lat' dir='ltr'><strong>sunt</strong></span> <span class='ocrx_word' id='word_1_184' title='bbox 2269 2961 2353 3026; x_wconf 87' lang='lat' dir='ltr'><strong>ab</strong></span> <span class='ocrx_word' id='word_1_185' title='bbox 2390 2960 2675 3042; x_wconf 88' lang='lat' dir='ltr'><strong>Amore,</strong></span> <span class='ocrx_word' id='word_1_186' title='bbox 2726 2959 2924 3025; x_wconf 87' lang='lat' dir='ltr'><strong>huius</strong></span> <span class='ocrx_word' id='word_1_187' title='bbox 2958 2959 3059 3023; x_wconf 89' lang='lat' dir='ltr'><strong>rei</strong></span> <span class='ocrx_word' id='word_1_188' title='bbox 3103 2959 3419 3038; x_wconf 87' lang='lat' dir='ltr'><strong>memori,</strong></span> <span class='ocrx_word' id='word_1_189' title='bbox 3466 2982 3645 3022; x_wconf 88' lang='lat' dir='ltr'><strong>arma</strong></span> <span class='ocrx_word' id='word_1_190' title='bbox 3678 2954 3912 3021; x_wconf 89' lang='lat' dir='ltr'><strong>mundi</strong></span> 
     </span>
     <span class='ocr_line' id='line_1_21' title="bbox 739 3080 3713 3178; baseline -0.001 -32"><span class='ocrx_word' id='word_1_191' title='bbox 739 3086 1040 3151; x_wconf 80' lang='lat' dir='ltr'><strong>victricia</strong></span> <span class='ocrx_word' id='word_1_192' title='bbox 1078 3081 1393 3175; x_wconf 87' lang='lat' dir='ltr'><strong>puellae,</strong></span> <span class='ocrx_word' id='word_1_193' title='bbox 1448 3109 1619 3176; x_wconf 88' lang='lat' dir='ltr'><strong>quae</strong></span> <span class='ocrx_word' id='word_1_194' title='bbox 1669 3085 1961 3167; x_wconf 85' lang='lat' dir='ltr'><strong>incedit,</strong></span> <span class='ocrx_word' id='word_1_195' title='bbox 2007 3103 2325 3178; x_wconf 86' lang='lat' dir='ltr'><strong>tanquam</strong></span> <span class='ocrx_word' id='word_1_196' title='bbox 2377 3081 2602 3149; x_wconf 80' lang='lat' dir='ltr'><strong>divina</strong></span> <span class='ocrx_word' id='word_1_197' title='bbox 2650 3083 3125 3176; x_wconf 87' lang='lat' dir='ltr'><strong>omnipotentis</strong></span> <span class='ocrx_word' id='word_1_198' title='bbox 3169 3081 3436 3148; x_wconf 89' lang='lat' dir='ltr'><strong>Amoris</strong></span> <span class='ocrx_word' id='word_1_199' title='bbox 3477 3080 3713 3170; x_wconf 83' lang='lat' dir='ltr'><strong>imago.</strong></span> 
     </span>
    </p>

    <p class='ocr_par' dir='ltr' id='par_1_8' title="bbox 733 3202 4029 3664">
     <span class='ocr_line' id='line_1_22' title="bbox 933 3202 4029 3301; baseline -0.003 -30"><span class='ocrx_word' id='word_1_200' title='bbox 933 3205 1012 3271; x_wconf 91' lang='lat' dir='ltr'><strong>In</strong></span> <span class='ocrx_word' id='word_1_201' title='bbox 1062 3230 1223 3272; x_wconf 86' lang='lat' dir='ltr'><strong>areu</strong></span> <span class='ocrx_word' id='word_1_202' title='bbox 1275 3205 1791 3299; x_wconf 82' lang='lat' dir='ltr'><strong>superciliorum</strong></span> <span class='ocrx_word' id='word_1_203' title='bbox 1839 3209 2152 3301; x_wconf 89' lang='lat' dir='ltr'><strong>imposita</strong></span> <span class='ocrx_word' id='word_1_204' title='bbox 2203 3205 2555 3276; x_wconf 87' lang='lat' dir='ltr'><strong>oculorum</strong></span> <span class='ocrx_word' id='word_1_205' title='bbox 2600 3208 2829 3298; x_wconf 87' lang='lat' dir='ltr'><strong>sagitta</strong></span> <span class='ocrx_word' id='word_1_206' title='bbox 2876 3205 3234 3296; x_wconf 82' lang='lat' dir='ltr'><strong>progignat</strong></span> <span class='ocrx_word' id='word_1_207' title='bbox 3284 3224 3669 3267; x_wconf 88' lang='lat' dir='ltr'><strong>aerumnam</strong></span> <span class='ocrx_word' id='word_1_208' title='bbox 3701 3202 4029 3266; x_wconf 81' lang='lat' dir='ltr'><strong>mem-14.</strong></span> 
     </span>
     <span class='ocr_line' id='line_1_23' title="bbox 735 3322 3913 3421; baseline -0.002 -27"><span class='ocrx_word' id='word_1_209' title='bbox 735 3331 1056 3412; x_wconf 80' lang='lat' dir='ltr'><strong>brorum3</strong></span> <span class='ocrx_word' id='word_1_210' title='bbox 1109 3329 1339 3421; x_wconf 87' lang='lat' dir='ltr'><strong>nigrae</strong></span> <span class='ocrx_word' id='word_1_211' title='bbox 1370 3327 1645 3409; x_wconf 89' lang='lat' dir='ltr'><strong>indolis,</strong></span> <span class='ocrx_word' id='word_1_212' title='bbox 1692 3347 2165 3421; x_wconf 84' lang='lat' dir='ltr'><strong>tortuosusque</strong></span> <span class='ocrx_word' id='word_1_213' title='bbox 2218 3330 2687 3395; x_wconf 89' lang='lat' dir='ltr'><strong>cincinnorum</strong></span> <span class='ocrx_word' id='word_1_214' title='bbox 2738 3325 3127 3419; x_wconf 80' lang='lat' dir='ltr'><strong>complexus</strong></span> <span class='ocrx_word' id='word_1_215' title='bbox 3178 3342 3327 3418; x_wconf 89' lang='lat' dir='ltr'><strong>agat</strong></span> <span class='ocrx_word' id='word_1_216' title='bbox 3376 3322 3674 3390; x_wconf 84' lang='lat' dir='ltr'><strong>facinora</strong></span> <span class='ocrx_word' id='word_1_217' title='bbox 3706 3327 3913 3389; x_wconf 88' lang='lat' dir='ltr'><strong>Amo-</strong></span> 
     </span>
     <span class='ocr_line' id='line_1_24' title="bbox 733 3441 3911 3542; baseline -0.003 -26"><span class='ocrx_word' id='word_1_218' title='bbox 733 3452 868 3532; x_wconf 82' lang='lat' dir='ltr'><strong>ris3</strong></span> <span class='ocrx_word' id='word_1_219' title='bbox 913 3449 1092 3518; x_wconf 89' lang='lat' dir='ltr'><strong>labia</strong></span> <span class='ocrx_word' id='word_1_220' title='bbox 1139 3449 1419 3516; x_wconf 87' lang='lat' dir='ltr'><strong>Bimbae</strong></span> <span class='ocrx_word' id='word_1_221' title='bbox 1467 3448 1742 3532; x_wconf 87' lang='lat' dir='ltr'><strong>similia,</strong></span> <span class='ocrx_word' id='word_1_222' title='bbox 1795 3450 2038 3517; x_wconf 90' lang='lat' dir='ltr'><strong>ardore</strong></span> <span class='ocrx_word' id='word_1_223' title='bbox 2086 3451 2381 3531; x_wconf 79' lang='lat' dir='ltr'><strong>imbuta,</strong></span> <span class='ocrx_word' id='word_1_224' title='bbox 2432 3473 2572 3542; x_wconf 89' lang='lat' dir='ltr'><strong>age,</strong></span> <span class='ocrx_word' id='word_1_225' title='bbox 2625 3472 2665 3516; x_wconf 95' lang='lat' dir='ltr'><strong>o</strong></span> <span class='ocrx_word' id='word_1_226' title='bbox 2718 3447 3169 3528; x_wconf 74' lang='lat' dir='ltr'><strong>teretisormiS,</strong></span> <span class='ocrx_word' id='word_1_227' title='bbox 3216 3441 3577 3513; x_wconf 83' lang='lat' dir='ltr'><strong>extendant</strong></span> <span class='ocrx_word' id='word_1_228' title='bbox 3626 3442 3911 3511; x_wconf 84' lang='lat' dir='ltr'><strong>fascina-</strong></span> 
     </span>
     <span class='ocr_line' id='line_1_25' title="bbox 737 3565 3910 3664; baseline -0.002 -28"><span class='ocrx_word' id='word_1_229' title='bbox 737 3572 1025 3652; x_wconf 79' lang='lat' dir='ltr'><strong>tionem3</strong></span> <span class='ocrx_word' id='word_1_230' title='bbox 1079 3594 1204 3635; x_wconf 87' lang='lat' dir='ltr'><strong>cur</strong></span> <span class='ocrx_word' id='word_1_231' title='bbox 1253 3587 1475 3636; x_wconf 85' lang='lat' dir='ltr'><strong>autem</strong></span> <span class='ocrx_word' id='word_1_232' title='bbox 1521 3570 1633 3653; x_wconf 87' lang='lat' dir='ltr'><strong>fit,</strong></span> <span class='ocrx_word' id='word_1_233' title='bbox 1683 3589 1758 3639; x_wconf 88' lang='lat' dir='ltr'><strong>ut</strong></span> <span class='ocrx_word' id='word_1_234' title='bbox 1803 3572 1981 3639; x_wconf 88' lang='lat' dir='ltr'><strong>bene</strong></span> <span class='ocrx_word' id='word_1_235' title='bbox 2029 3570 2305 3640; x_wconf 86' lang='lat' dir='ltr'><strong>rotundi</strong></span> <span class='ocrx_word' id='word_1_236' title='bbox 2350 3594 2786 3640; x_wconf 85' lang='lat' dir='ltr'><strong>mammarum</strong></span> <span class='ocrx_word' id='word_1_237' title='bbox 2817 3567 3073 3664; x_wconf 88' lang='lat' dir='ltr'><strong>globuli</strong></span> <span class='ocrx_word' id='word_1_238' title='bbox 3110 3570 3207 3637; x_wconf 88' lang='lat' dir='ltr'><strong>tui</strong></span> <span class='ocrx_word' id='word_1_239' title='bbox 3255 3566 3495 3635; x_wconf 90' lang='lat' dir='ltr'><strong>ludant</strong></span> <span class='ocrx_word' id='word_1_240' title='bbox 3543 3568 3674 3635; x_wconf 66' lang='lat' dir='ltr'><strong>vita</strong></span> <span class='ocrx_word' id='word_1_241' title='bbox 3716 3565 3910 3632; x_wconf 66' lang='lat' dir='ltr'><strong>mea?</strong></span> 
     </span>
    </p>

    <p class='ocr_par' dir='ltr' id='par_1_9' title="bbox 678 3687 4032 4027">
     <span class='ocr_line' id='line_1_26' title="bbox 933 3687 4032 3786; baseline -0.002 -31"><span class='ocrx_word' id='word_1_242' title='bbox 933 3690 1127 3757; x_wconf 89' lang='lat' dir='ltr'><strong>Licet</strong></span> <span class='ocrx_word' id='word_1_243' title='bbox 1175 3689 1362 3757; x_wconf 80' lang='lat' dir='ltr'><strong>dulci</strong></span> <span class='ocrx_word' id='word_1_244' title='bbox 1411 3689 1530 3758; x_wconf 86' lang='lat' dir='ltr'><strong>illo</strong></span> <span class='ocrx_word' id='word_1_245' title='bbox 1584 3709 1802 3774; x_wconf 86' lang='lat' dir='ltr'><strong>tactu,</strong></span> <span class='ocrx_word' id='word_1_246' title='bbox 1854 3691 2318 3774; x_wconf 70' lang='lat' dir='ltr'><strong>volitantibus»,</strong></span> <span class='ocrx_word' id='word_1_247' title='bbox 2369 3693 2824 3786; x_wconf 88' lang='lat' dir='ltr'><strong>mollibusque</strong></span> <span class='ocrx_word' id='word_1_248' title='bbox 2884 3690 3018 3757; x_wconf 87' lang='lat' dir='ltr'><strong>illis</strong></span> <span class='ocrx_word' id='word_1_249' title='bbox 3071 3709 3379 3782; x_wconf 88' lang='lat' dir='ltr'><strong>aspectus</strong></span> <span class='ocrx_word' id='word_1_250' title='bbox 3431 3687 4032 3766; x_wconf 78' lang='lat' dir='ltr'><strong>errationibus,15‚</strong></span> 
     </span>
     <span class='ocr_line' id='line_1_27' title="bbox 678 3805 3918 3907; baseline -0.001 -30"><span class='ocrx_word' id='word_1_251' title='bbox 678 3805 688 3814; x_wconf 52' lang='lat'>⁶</span> <span class='ocrx_word' id='word_1_252' title='bbox 740 3810 1184 3879; x_wconf 76' lang='lat' dir='ltr'><strong>suaveolentia</strong></span> <span class='ocrx_word' id='word_1_253' title='bbox 1234 3809 1351 3878; x_wconf 85' lang='lat' dir='ltr'><strong>illa</strong></span> <span class='ocrx_word' id='word_1_254' title='bbox 1401 3815 1816 3907; x_wconf 82' lang='lat' dir='ltr'><strong>nymphaeae</strong></span> <span class='ocrx_word' id='word_1_255' title='bbox 1867 3814 2085 3882; x_wconf 81' lang='lat' dir='ltr'><strong>vultus</strong></span> <span class='ocrx_word' id='word_1_256' title='bbox 2110 3865 2130 3896; x_wconf 91' lang='lat'><strong>,</strong></span> <span class='ocrx_word' id='word_1_257' title='bbox 2181 3817 2465 3884; x_wconf 83' lang='lat' dir='ltr'><strong>flexione</strong></span> <span class='ocrx_word' id='word_1_258' title='bbox 2517 3815 2634 3883; x_wconf 87' lang='lat' dir='ltr'><strong>illa</strong></span> <span class='ocrx_word' id='word_1_259' title='bbox 2685 3816 3010 3882; x_wconf 85' lang='lat' dir='ltr'><strong>sermonis</strong></span> <span class='ocrx_word' id='word_1_260' title='bbox 3061 3811 3473 3893; x_wconf 86' lang='lat' dir='ltr'><strong>nectarissui,</strong></span> <span class='ocrx_word' id='word_1_261' title='bbox 3536 3809 3651 3876; x_wconf 89' lang='lat' dir='ltr'><strong>illa</strong></span> <span class='ocrx_word' id='word_1_262' title='bbox 3700 3808 3918 3875; x_wconf 87' lang='lat' dir='ltr'><strong>labio·</strong></span> 
     </span>
     <span class='ocr_line' id='line_1_28' title="bbox 739 3931 3919 4027; baseline -0.001 -28"><span class='ocrx_word' id='word_1_263' title='bbox 739 3957 892 3999; x_wconf 84' lang='lat' dir='ltr'><strong>rum</strong></span> <span class='ocrx_word' id='word_1_264' title='bbox 941 3932 1215 3999; x_wconf 87' lang='lat' dir='ltr'><strong>Bimbae</strong></span> <span class='ocrx_word' id='word_1_265' title='bbox 1266 3931 1516 4001; x_wconf 84' lang='lat' dir='ltr'><strong>fructui</strong></span> <span class='ocrx_word' id='word_1_266' title='bbox 1568 3936 1831 4027; x_wconf 89' lang='lat' dir='ltr'><strong>parium</strong></span> <span class='ocrx_word' id='word_1_267' title='bbox 1893 3936 2206 4003; x_wconf 85' lang='lat' dir='ltr'><strong>suavitate</strong></span> <span class='ocrx_word' id='word_1_268' title='bbox 2271 3937 2680 4005; x_wconf 87' lang='lat' dir='ltr'><strong>attrahantur</strong></span> <span class='ocrx_word' id='word_1_269' title='bbox 2745 3961 2975 4004; x_wconf 88' lang='lat' dir='ltr'><strong>sensus</strong></span> <span class='ocrx_word' id='word_1_270' title='bbox 3031 3937 3286 4016; x_wconf 89' lang='lat' dir='ltr'><strong>cuncti,</strong></span> <span class='ocrx_word' id='word_1_271' title='bbox 3359 3936 3530 4004; x_wconf 87' lang='lat' dir='ltr'><strong>eheu</strong></span> <span class='ocrx_word' id='word_1_272' title='bbox 3552 3984 3571 4015; x_wconf 90' lang='lat'><strong>,</strong></span> <span class='ocrx_word' id='word_1_273' title='bbox 3657 3956 3792 4025; x_wconf 87' lang='lat' dir='ltr'><strong>quo</strong></span> <span class='ocrx_word' id='word_1_274' title='bbox 3843 3931 3919 3997; x_wconf 87' lang='lat' dir='ltr'><strong>fit</strong></span> 
     </span>
    </p>
   </div>
   <div class='ocr_carea' id='block_1_3' title="bbox 745 4050 3918 4272">
    <p class='ocr_par' dir='ltr' id='par_1_10' title="bbox 745 4050 3918 4272">
     <span class='ocr_line' id='line_1_29' title="bbox 745 4050 3918 4151; baseline -0.001 -32"><span class='ocrx_word' id='word_1_275' title='bbox 745 4073 988 4136; x_wconf 87' lang='lat' dir='ltr'><strong>tamen,</strong></span> <span class='ocrx_word' id='word_1_276' title='bbox 1035 4081 1244 4149; x_wconf 87' lang='lat' dir='ltr'><strong>quum</strong></span> <span class='ocrx_word' id='word_1_277' title='bbox 1291 4054 1407 4123; x_wconf 87' lang='lat' dir='ltr'><strong>illa</strong></span> <span class='ocrx_word' id='word_1_278' title='bbox 1452 4054 1736 4144; x_wconf 70' lang='lat' dir='ltr'><strong>(Radha)</strong></span> <span class='ocrx_word' id='word_1_279' title='bbox 1790 4056 2370 4151; x_wconf 85' lang='lat' dir='ltr'><strong>contemplationis</strong></span> <span class='ocrx_word' id='word_1_280' title='bbox 2424 4057 2691 4127; x_wconf 88' lang='lat' dir='ltr'><strong>vinculo</strong></span> <span class='ocrx_word' id='word_1_281' title='bbox 2742 4076 3037 4125; x_wconf 85' lang='lat' dir='ltr'><strong>mentem</strong></span> <span class='ocrx_word' id='word_1_282' title='bbox 3084 4056 3472 4145; x_wconf 87' lang='lat' dir='ltr'><strong>obstringat,</strong></span> <span class='ocrx_word' id='word_1_283' title='bbox 3518 4071 3593 4120; x_wconf 92' lang='lat' dir='ltr'><strong>ut</strong></span> <span class='ocrx_word' id='word_1_284' title='bbox 3640 4052 3783 4119; x_wconf 91' lang='lat' dir='ltr'><strong>talis</strong></span> <span class='ocrx_word' id='word_1_285' title='bbox 3836 4050 3918 4116; x_wconf 90' lang='lat' dir='ltr'><strong>sit</strong></span> 
     </span>
     <span class='ocr_line' id='line_1_30' title="bbox 745 4174 1666 4272; baseline 0.008 -30"><span class='ocrx_word' id='word_1_286' title='bbox 745 4174 1090 4269; x_wconf 87' lang='lat' dir='ltr'><strong>aegritudo</strong></span> <span class='ocrx_word' id='word_1_287' title='bbox 1141 4179 1578 4272; x_wconf 83' lang='lat' dir='ltr'><strong>separationis</strong></span> <span class='ocrx_word' id='word_1_288' title='bbox 1596 4179 1666 4249; x_wconf 72' lang='lat' dir='ltr'><strong>i‘«</strong></span> 
     </span>
    </p>
   </div>
   <div class='ocr_carea' id='block_1_4' title="bbox 2033 4373 2278 4386">
    <p class='ocr_par' dir='ltr' id='par_1_11' title="bbox 2033 4373 2278 4386">
     <span class='ocr_line' id='line_1_31' title="bbox 2033 4373 2278 4386; baseline 0 1433"><span class='ocrx_word' id='word_1_289' title='bbox 2033 4373 2278 4386; x_wconf 95' lang='lat' dir='ltr'><strong> </strong></span> 
     </span>
    </p>
   </div>
   <div class='ocr_carea' id='block_1_5' title="bbox 2281 4376 2625 4389">
    <p class='ocr_par' dir='ltr' id='par_1_12' title="bbox 2281 4376 2625 4389">
     <span class='ocr_line' id='line_1_32' title="bbox 2281 4376 2625 4389; baseline 0 1430"><span class='ocrx_word' id='word_1_290' title='bbox 2281 4376 2625 4389; x_wconf 95' lang='lat' dir='ltr'><strong> </strong></span> 
     </span>
    </p>
   </div>
   <div class='ocr_carea' id='block_1_6' title="bbox 747 4484 778 4514">
    <p class='ocr_par' dir='ltr' id='par_1_13' title="bbox 747 4484 778 4514">
     <span class='ocr_line' id='line_1_33' title="bbox 747 4484 778 4514; baseline 0 0"><span class='ocrx_word' id='word_1_291' title='bbox 747 4484 778 4514; x_wconf 60' lang='lat' dir='ltr'>f</span> 
     </span>
    </p>
   </div>
   <div class='ocr_carea' id='block_1_7' title="bbox 747 4486 4039 5053">
    <p class='ocr_par' dir='ltr' id='par_1_14' title="bbox 747 4486 4039 5053">
     <span class='ocr_line' id='line_1_34' title="bbox 945 4486 4039 4592; baseline -0.004 -29"><span class='ocrx_word' id='word_1_292' title='bbox 945 4495 1245 4563; x_wconf 88' lang='lat' dir='ltr'><strong>Salutem</strong></span> <span class='ocrx_word' id='word_1_293' title='bbox 1295 4495 1485 4564; x_wconf 83' lang='lat' dir='ltr'><strong>vobis</strong></span> <span class='ocrx_word' id='word_1_294' title='bbox 1553 4493 1753 4590; x_wconf 89' lang='lat' dir='ltr'><strong>longe</strong></span> <span class='ocrx_word' id='word_1_295' title='bbox 1814 4496 2181 4592; x_wconf 86' lang='lat' dir='ltr'><strong>largiantur</strong></span> <span class='ocrx_word' id='word_1_296' title='bbox 2252 4496 2649 4564; x_wconf 82' lang='lat' dir='ltr'><strong>undabundi</strong></span> <span class='ocrx_word' id='word_1_297' title='bbox 2711 4499 2900 4589; x_wconf 87' lang='lat' dir='ltr'><strong>quasi</strong></span> <span class='ocrx_word' id='word_1_298' title='bbox 2963 4512 3269 4587; x_wconf 89' lang='lat' dir='ltr'><strong>aspectus</strong></span> <span class='ocrx_word' id='word_1_299' title='bbox 3326 4486 4039 4568; x_wconf 73' lang='lat' dir='ltr'><strong>Madhusfidanae,16.</strong></span> 
     </span>
     <span class='ocr_line' id='line_1_35' title="bbox 747 4599 3924 4712; baseline -0.003 -28"><span class='ocrx_word' id='word_1_300' title='bbox 747 4599 888 4686; x_wconf 83' lang='lat' dir='ltr'><strong>non</strong></span> <span class='ocrx_word' id='word_1_301' title='bbox 937 4620 1245 4712; x_wconf 88' lang='lat' dir='ltr'><strong>percepti</strong></span> <span class='ocrx_word' id='word_1_302' title='bbox 1298 4644 1336 4684; x_wconf 87' lang='lat' dir='ltr'><strong>a</strong></span> <span class='ocrx_word' id='word_1_303' title='bbox 1385 4616 1681 4684; x_wconf 86' lang='lat' dir='ltr'><strong>millibus</strong></span> <span class='ocrx_word' id='word_1_304' title='bbox 1733 4618 2317 4702; x_wconf 90' lang='lat' dir='ltr'><strong>muliercularum,</strong></span> <span class='ocrx_word' id='word_1_305' title='bbox 2369 4618 2457 4686; x_wconf 92' lang='lat' dir='ltr'><strong>ad</strong></span> <span class='ocrx_word' id='word_1_306' title='bbox 2507 4618 2816 4687; x_wconf 90' lang='lat' dir='ltr'><strong>modulos</strong></span> <span class='ocrx_word' id='word_1_307' title='bbox 2856 4636 3083 4685; x_wconf 84' lang='lat' dir='ltr'><strong>cantus</strong></span> <span class='ocrx_word' id='word_1_308' title='bbox 3117 4642 3153 4682; x_wconf 87' lang='lat' dir='ltr'><strong>a</strong></span> <span class='ocrx_word' id='word_1_309' title='bbox 3190 4615 3352 4683; x_wconf 91' lang='lat' dir='ltr'><strong>tibia</strong></span> <span class='ocrx_word' id='word_1_310' title='bbox 3386 4613 3676 4707; x_wconf 86' lang='lat' dir='ltr'><strong>profecti</strong></span> <span class='ocrx_word' id='word_1_311' title='bbox 3710 4629 3924 4677; x_wconf 88' lang='lat' dir='ltr'><strong>atten-</strong></span> 
     </span>
     <span class='ocr_line' id='line_1_36' title="bbox 752 4731 3929 4835; baseline -0.003 -29"><span class='ocrx_word' id='word_1_312' title='bbox 752 4743 932 4808; x_wconf 86' lang='lat' dir='ltr'><strong>tione</strong></span> <span class='ocrx_word' id='word_1_313' title='bbox 985 4740 1442 4833; x_wconf 89' lang='lat' dir='ltr'><strong>direptarum,</strong></span> <span class='ocrx_word' id='word_1_314' title='bbox 1510 4739 1672 4805; x_wconf 89' lang='lat' dir='ltr'><strong>dum</strong></span> <span class='ocrx_word' id='word_1_315' title='bbox 1726 4740 1840 4807; x_wconf 91' lang='lat' dir='ltr'><strong>ille</strong></span> <span class='ocrx_word' id='word_1_316' title='bbox 1894 4741 2143 4810; x_wconf 86' lang='lat' dir='ltr'><strong>collum</strong></span> <span class='ocrx_word' id='word_1_317' title='bbox 2194 4742 2510 4824; x_wconf 73' lang='lat' dir='ltr'><strong>inflectit,</strong></span> <span class='ocrx_word' id='word_1_318' title='bbox 2575 4744 2791 4835; x_wconf 86' lang='lat' dir='ltr'><strong>capite</strong></span> <span class='ocrx_word' id='word_1_319' title='bbox 2859 4758 3077 4820; x_wconf 88' lang='lat' dir='ltr'><strong>nutat,</strong></span> <span class='ocrx_word' id='word_1_320' title='bbox 3144 4739 3400 4803; x_wconf 84' lang='lat' dir='ltr'><strong>inauria</strong></span> <span class='ocrx_word' id='word_1_321' title='bbox 3459 4736 3692 4827; x_wconf 82' lang='lat' dir='ltr'><strong>agitat,</strong></span> <span class='ocrx_word' id='word_1_322' title='bbox 3757 4731 3929 4798; x_wconf 87' lang='lat' dir='ltr'><strong>clam</strong></span> 
     </span>
     <span class='ocr_line' id='line_1_37' title="bbox 751 4853 3921 4959; baseline -0.003 -29"><span class='ocrx_word' id='word_1_323' title='bbox 751 4882 970 4930; x_wconf 86' lang='lat' dir='ltr'><strong>autem</strong></span> <span class='ocrx_word' id='word_1_324' title='bbox 1024 4861 1278 4929; x_wconf 82' lang='lat' dir='ltr'><strong>defixus</strong></span> <span class='ocrx_word' id='word_1_325' title='bbox 1327 4864 1560 4954; x_wconf 80' lang='lat' dir='ltr'><strong>haeret</strong></span> <span class='ocrx_word' id='word_1_326' title='bbox 1627 4863 1837 4931; x_wconf 89' lang='lat' dir='ltr'><strong>oculis</strong></span> <span class='ocrx_word' id='word_1_327' title='bbox 1899 4863 2169 4959; x_wconf 89' lang='lat' dir='ltr'><strong>placide</strong></span> <span class='ocrx_word' id='word_1_328' title='bbox 2237 4884 2303 4931; x_wconf 91' lang='lat' dir='ltr'><strong>et</strong></span> <span class='ocrx_word' id='word_1_329' title='bbox 2370 4863 2555 4959; x_wconf 77' lang='lat' dir='ltr'><strong>large</strong></span> <span class='ocrx_word' id='word_1_330' title='bbox 2620 4865 2929 4958; x_wconf 80' lang='lat' dir='ltr'><strong>expansis</strong></span> <span class='ocrx_word' id='word_1_331' title='bbox 2996 4864 3068 4928; x_wconf 90' lang='lat' dir='ltr'><strong>in</strong></span> <span class='ocrx_word' id='word_1_332' title='bbox 3138 4858 3319 4928; x_wconf 90' lang='lat' dir='ltr'><strong>dulci</strong></span> <span class='ocrx_word' id='word_1_333' title='bbox 3378 4856 3645 4926; x_wconf 68' lang='lat' dir='ltr'><strong>Radhae</strong></span> <span class='ocrx_word' id='word_1_334' title='bbox 3703 4853 3921 4933; x_wconf 83' lang='lat' dir='ltr'><strong>vultu,</strong></span> 
     </span>
     <span class='ocr_line' id='line_1_38' title="bbox 753 4983 1220 5053; baseline -0.004 -1"><span class='ocrx_word' id='word_1_335' title='bbox 753 4984 950 5053; x_wconf 89' lang='lat' dir='ltr'><strong>lunae</strong></span> <span class='ocrx_word' id='word_1_336' title='bbox 1003 4983 1220 5052; x_wconf 88' lang='lat' dir='ltr'><strong>simili.</strong></span> 
     </span>
    </p>
   </div>
   <div class='ocr_carea' id='block_1_8' title="bbox 2036 5140 2649 5155">
    <p class='ocr_par' dir='ltr' id='par_1_15' title="bbox 2036 5140 2649 5155">
     <span class='ocr_line' id='line_1_39' title="bbox 2036 5140 2649 5155; baseline 0 0"><span class='ocrx_word' id='word_1_337' title='bbox 2036 5140 2649 5155; x_wconf 48' lang='grc' dir='ltr'><strong>ψ*</strong></span> 
     </span>
    </p>
   </div>
   <div class='ocr_carea' id='block_1_9' title="bbox 3432 5165 3537 5245">
    <p class='ocr_par' dir='ltr' id='par_1_16' title="bbox 3432 5165 3537 5245">
     <span class='ocr_line' id='line_1_40' title="bbox 3432 5165 3537 5245; baseline -0.01 0"><span class='ocrx_word' id='word_1_338' title='bbox 3432 5165 3537 5245; x_wconf 84' lang='grc'><strong>16</strong></span> 
     </span>
    </p>
   </div>
  </div>
 </body>
</html>
