4935 5819
1840 492 2497 584 PnomcommA
2555 494 2672 586 V.
3528 495 3532 499 ’
3745 521 3854 579 xv

677 742 1020 821 tractatis
1069 764 1373 832 eruere,
1420 763 1625 843 quae
1670 736 2031 845 ponenda
2074 738 2176 817 sit
2221 737 2389 816 eius
2429 736 2845 816 doctrina..v
2907 736 3165 814 Facile
3233 736 3690 841 ceteroquin
3745 735 3863 811 di-

673 887 1225 986 stinguuntur,
1270 879 1561 984 quibus
1607 877 2086 956 reconditior
2130 904 2395 958 sensus
2441 879 2711 966 lateat,
2764 903 3054 971 versus;
3100 878 3238 955 hos
3286 878 3481 954 solos
3538 900 3865 984 perpen-

676 1021 862 1098 dere
914 1019 1309 1111 debemus,
1356 1018 1907 1125 praetermissis
1953 1017 2094 1102 eis,
2129 1017 2304 1121 ‚qui
2353 1016 2697 1096 divinam
2742 1019 3124 1096 Krishnae
3166 1037 3243 1096 et
3278 1016 3589 1094 Radhae
3640 1035 3864 1091 natu·

679 1190 844 1239 ram
888 1159 1266 1239 oblivioni
1312 1158 1535 1263 quasi
1589 1155 1914 1236 tradunt
1960 1175 2040 1235 et
2087 1184 2400 1264 prorsus
2449 1159 2781 1237 humani
2822 1160 3107 1237 amoris
3153 1160 3350 1235 vices
3392 1157 3499 1234 eis
3535 1175 3612 1234 ct
3644 1158 3866 1233 attri-

679 1305 940 1378 buunt
1000 1320 1082 1378 et
1155 1299 1586 1377 attribuere
1652 1324 1833 1376 sane
1897 1296 2331 1391 debebant,
2398 1301 2463 1378 si
2539 1323 2846 1406 poeseos
2912 1298 3245 1375 rationes
3309 1323 3471 1376 non
3536 1297 3858 1375 omnino

681 1442 1174 1546 perturbatas
1217 1458 1296 1516 et
1336 1439 1778 1517 obscuratas
1817 1438 2124 1516 volebat
2172 1457 2417 1546 poeta.

884 1605 975 1673 In
1030 1596 1282 1701 prima
1334 1595 1600 1700 itaque
1663 1594 2040 1702 poematis
2092 1614 2350 1702 parte,
2411 1623 2570 1699 qua
2633 1593 3098 1671 describitur
3154 1592 3523 1670 Krishnas
3581 1592 3873 1698 promi-

683 1738 851 1812 scui
902 1735 1186 1813 amoris
1235 1732 1617 1810 illecebris
1662 1730 2013 1826 deditus,
2066 1734 2222 1810 fine
2266 1732 2802 1839 descriptionis
2850 1741 2911 1812 Ι.
2963 1735 3079 1832 45.
3135 1733 3503 1812 indicasse
3564 1733 3875 1809 videtur

688 1895 915 1981 poeta
979 1879 1321 1979 mysterii
1391 1874 1765 1951 vocabulo
1810 1875 1864 1949 1.
1919 1872 2041 1974 45.
2116 1875 2558 1952 humanum
2607 1904 2949 1954 amorem
3004 1904 3166 1955 non
3233 1901 3384 1954 esse
3437 1875 3875 1978 intelligen-

687 2014 899 2090 dum.
1001 2015 1225 2113 Quae
1271 2013 1600 2119 suspicio
1652 2014 1740 2091 in
1788 2014 2337 2093 certitudinem
2391 2018 2919 2107 convertitur,
2968 2018 3031 2096 si
3084 2015 3472 2094 distichon
3536 2042 3717 2092 mox
3766 2039 3879 2091 se-

688 2179 937 2256 quens
985 2171 1502 2259 comparatur.
1603 2157 1697 2230 In
1758 2179 1847 2231 eo
1898 2155 2245 2259 primum
2305 2184 2457 2234 sese
2529 2158 2759 2235 offert
2820 2186 2962 2235 vox
3019 2150 3250 2259 ῐέιέῐυῗ,
3316 2182 3521 2260 qua,
3595 2155 3716 2231 uti
3791 2153 3878 2230 in

686 2291 1191 2368 annotatione
1222 2292 1631 2383 observavi,
1681 2292 2096 2384 indicatur,
2147 2322 2449 2372 sensum
2484 2322 2529 2370 a
2554 2295 2836 2402 puellis
2878 2320 3303 2399 earumque
3337 2270 3602 2370 'amore
3642 2311 3885 2368 trans-

688 2430 1096 2508 ferendum
1135 2433 1356 2536 quasi
1389 2457 1541 2510 esse
1583 2431 1683 2509 ad
1732 2434 2311 2512 universitatem
2363 2461 2647 2510 rerum.
2731 2440 3009 2511 Amore
3047 2437 3422 2510 nimirum
3465 2432 3880 2508 universali

692 2570 1092 2647 existentia
1142 2570 1407 2645 omnia
1457 2570 1862 2675 complecti
1908 2568 2203 2647 dicitur
2256 2571 2654 2662 Krishnas;
2704 2593 2854 2670 gur,
2906 2570 3568 2660 indiscriminans,
3622 2589 3884 2646 autem

696 2738 950 2815 quum
998 2734 1243 2814 aeque
1288 2707 1618 2800 dicatur,
1663 2712 2074 2814 quaeritur
2122 2737 2282 2815 quo
2329 2736 2556 2788 sensu
2606 2708 2753 2787 boc
2784 2710 3249 2786 vocabulum
3291 2704 3886 2810 intelligendum

695 2850 812 2929 sit.
914 2850 991 2928 Si
1031 2848 1541 2927 universalem
1577 2848 1957 2928 Krishnae
2004 2878 2346 2930 amorem
2397 2855 2507 2931 ita
2552 2848 2851 2927 dictum
2893 2849 3288 2956 ponimus,
3339 2867 3432 2926 ut
3480 2850 3580 2925 sit
3631 2846 3889 2926 numi-

699 2988 821 3065 nis
868 2987 1402 3065 benevolentia
1453 3013 1628 3092 erga
1680 2989 1942 3066 omnia
2007 2991 2479 3082 animantia,
2542 2990 3169 3070 indiscriminans
3235 3016 3385 3067 esse
3460 2987 3724 3074 debet,
3801 2985 3884 3063 id

687 3147 828 3220 est,
905 3129 1047 3233 qui
1099 3156 1261 3207 non
1310 3145 1713 3235 praeoptet
1759 3148 1839 3208 et
1887 3128 2300 3208 discrimen
2352 3132 2587 3210 faciat
2638 3134 2850 3210 iuxta
2904 3158 3194 3210 morem
3244 3131 3699 3221 hominum,
3753 3126 3885 3205 sed

688 3267 873 3369 qui,
951 3268 1108 3345 irae
1170 3286 1250 3346 et
1311 3266 1551 3346 studii
1624 3294 1924 3376 expers,
2003 3296 2105 3351 ne
2178 3276 2417 3353 malos
2476 3273 2796 3380 quidem
2862 3300 3122 3351 amare
3198 3290 3445 3351 cesset.
3573 3276 3671 3349 At
3738 3268 3885 3345 mi-

696 3408 906 3486 nime
960 3426 1220 3488 tamen
1270 3436 1448 3486 cum
1499 3411 1871 3517 poematis
1921 3428 2189 3490 tenore
2221 3414 2370 3492 hoc
2416 3432 2893 3500 consonaret,
2943 3408 3580 3519 quandoquidem
3617 3408 3888 3486 discri-

695 3550 1022 3628 minatio
1075 3551 1160 3630 in
1208 3575 1471 3628 amore
1521 3551 1686 3657 ipsa
1733 3570 1878 3642 est,
1930 3552 2032 3630 ad
2077 3581 2320 3659 quam
2371 3552 2728 3646 demum,
2784 3573 3159 3658 tanquam
3206 3577 3470 3628 verum
3503 3573 3881 3637 amorem,

697 3705 1130 3767 revertatur
1176 3688 1565 3768 Krishnas·
1664 3691 2123 3797 Mysterium
2175 3711 2573 3798 praeterea
2636 3718 2800 3771 non
2862 3692 3059 3769 dicit
3115 3708 3341 3797 poeta
3404 3687 3576 3764 dist.
3641 3706 3884 3764 antec.

699 3829 1163 3921 divinitatis,
1213 3856 1416 3935 quae
1467 3856 1732 3908 rerum
1776 3848 1886 3907 est
1928 3833 2259 3909 creatrix
2305 3852 2384 3911 et
2438 3831 2973 3939 gubernatrix,
3042 3857 3341 3908 summa
3410 3828 3746 3906 iustitiae
3810 3846 3888 3905 et

700 3969 1280 4048 benevolentiae
1329 3968 1537 4061 idea,
1586 3968 1718 4047 sed
1760 3970 2216 4076 mysterium
2268 3976 2553 4053 amoris
2614 3994 2693 4051 et
2749 3974 2948 4051 alter
3012 3971 3304 4048 dicitur
3365 3968 3446 4047 h.
3498 3969 3548 4045 1.
3609 3967 3890 4044 amoris

702 4104 891 4184 deus
941 4108 1337 4187 Krishnas.
1431 4108 1551 4187 Ad
1572 4108 1809 4206 ‘hano
1857 4112 2186 4203 amoris,
2243 4142 2400 4191 non
2463 4113 2770 4191 divinae
2818 4109 3447 4216 aequanimitatis
3508 4107 3889 4212 significa·

705 4247 993 4323 tionem
1039 4248 1437 4354 pertinent
1467 4250 1699 4328 etiam
1725 4267 1999 4344 cetera,
2046 4275 2251 4353 quae
2277 4251 2427 4328 hoc
2459 4250 2786 4330 disticho
2822 4271 3252 4360 ponuntur.
3307 4252 3595 4328 Omnes
3633 4246 3892 4320 favore

704 4415 842 4466 suo
909 4385 1328 4473 exhilarat,
1393 4389 1813 4495 inaugurat
1848 4387 1925 4487 *)
1992 4389 2271 4469 festum
2335 4392 2641 4469 Amoris
2704 4389 3072 4468 Krishnas
3132 4385 3670 4496 pulcritudine
3719 4410 3889 4471 sua3

711 4554 893 4603 nam
943 4526 1091 4605 boc
1136 4550 1365 4606 sensu
1410 4529 1858 4636 accipienda
1906 4550 2133 4624 sunt,
2198 4558 2401 4638 quae
2461 4534 2835 4636 leguntur
2887 4532 3260 4610 vocabula
3321 4551 3462 4602 quw
3521 4545 3600 4603 et
3655 4523 3888 4614 σῆππς

706 4779 769 4792 -

812 4949 870 5042 *)
920 4943 1122 5023 πῂ
1168 4962 1392 5028 eodem
1432 4983 1613 5028 sensu
1651 4962 1881 5050 legitur
1927 4968 2031 5047 lv,
2078 4967 2172 5034 18.
2214 4969 2506 5032 initiatus.
2556 4977 2815 5056 W
2836 4978 2928 5031 est
2959 4967 3305 5029 satisfacere
3336 4962 3652 5027 desideriis
3690 4961 3898 5022 cuius-

964 5085 1081 5160 vis;
1119 5086 1199 5150 cf.
1237 5096 1403 5171 m
1427 5087 1644 5172 Hitop.
1694 5089 1800 5168 lv,
1842 5088 1944 5155 99.
