4935 5819
994 480 1078 540 tv
2212 447 2450 542 GiTA
2522 448 2937 541 Govmm

1000 694 1105 770 tia
1151 690 1405 769 finalis
1452 709 1531 770 et
1567 691 2016 771 allitteratio
2062 691 2146 772 in
2195 694 2470 772 mediis
2515 693 2886 778 versibus,
2936 707 3368 795 utrumque
3399 689 3789 781 rarissimi,
3829 691 3888 767 si
3925 693 4182 782 ullius,

995 830 1205 938 apud
1251 830 1616 935 antiquos
1665 831 1752 908 in
1797 833 2180 910 Sanscrito
2232 832 2579 908 carmine
2620 857 2825 907 usus.
2928 830 3398 907 Recentioris
3442 827 3783 933 denique
3834 831 3998 907 aevi
4065 833 4184 908 in-

998 969 1293 1047 dicium
1342 987 1453 1045 est
1500 996 1683 1046 usus
1731 969 2285 1046 vocabulorum
2335 970 2909 1059 technicorum,
2960 970 3298 1046 scholam
3335 968 3856 1074 prodentium,
3909 973 4026 1048 uti
4076 996 4183 1046 ex.

995 1137 1105 1212 gr.
1154 1135 1280 1202 ea,
1332 1109 1618 1215 quibus
1644 1110 2078 1185 amantium
2108 1134 2387 1210 genera
2430 1111 3009 1215 insigniuntur,
3058 1131 3411 1197 mesum,
3463 1113 3723 1195 affirm,
3775 1115 4183 1207 σιωπῇ-ππ,

999 1252 1135 1340 VI,
1186 1255 1252 1327 8.
1308 1253 1520 1341 Vm,
1568 1276 1638 1348 9.
1692 1251 1821 1340 IX,
1880 1273 1937 1318 1.

1196 1396 1299 1468 At
1347 1390 1469 1468 his
1521 1408 1777 1467 tamen
1829 1393 2018 1468 certi
2071 1392 2269 1495 quid
2324 1420 2484 1469 non
2535 1392 2960 1482 evincitur,
3013 1392 3194 1470 licet
3251 1392 3430 1469 satis
3489 1394 3842 1496 patefiat,
3909 1393 4185 1470 falsum

1000 1556 1152 1608 esse
1198 1532 1616 1607 Jonesium.
1720 1537 1811 1606 In
1867 1559 2178 1636 prorsus
2228 1534 2697 1609 contrariam
2747 1532 3207 1609 sententiam
3270 1529 3601 1608 discessit
3648 1535 3939 1623 thsO‚
4010 1559 4187 1637 pro-

999 1669 1229 1746 fessor
1262 1671 1714 1746 Oxoniensis
1762 1673 2258 1763 clarissimus,
2311 1674 2449 1777 qui
2483 1670 2577 1746 ad
2616 1671 2831 1745 bunc
2867 1668 3028 1742 fere
3068 1669 3301 1744 finem
3338 1666 3701 1773 disputat,
3749 1687 3840 1745 ut
3883 1687 4188 1773 poetam

1000 1826 1353 1884 nostrum
1404 1808 1500 1883 ad
1562 1812 1954 1885 saeculum
2019 1809 2408 1887 decimum
2473 1811 2845 1913 quintum
2919 1835 2990 1912 p.
3044 1806 3220 1882 Chr·
3276 1835 3350 1882 n.
3418 1804 3799 1883 detrudat.
3921 1811 4190 1883 Censet

1001 1949 1209 2024 enim
1261 1953 1441 2039 (Ass.
1490 1952 1954 2037 Ress.xv1,
2001 1948 2153 2050 37.)
2203 1949 2784 2024 Ramanandam
2837 1975 3094 2024 versus
3145 1948 3379 2023 finem
3428 1946 3855 2023 saec...XVti
3905 1947 4187 2032 vixisse,

999 2085 1623 2190 Jayadevamque
1671 2089 1834 2164 eius
1885 2088 2178 2164 asseclis
2229 2107 2727 2177 annumerat,
2799 2086 3010 2163 unde
3059 2087 3454 2190 sequitur,
3518 2103 3611 2163 ut
3681 2087 3744 2161 is
3794 2104 3974 2162 ante
4041 2086 4190 2162 hoc

1004 2239 1304 2326 tempus
1352 2224 1615 2300 vixisse
1666 2253 1824 2302 non
1891 2228 2248 2331 potuerit.
2334 2255 2570 2330 quam
2638 2227 3091 2331 opinionem
3162 2226 3604 2302 informasse
3667 2224 3978 2302 videtur
4036 2227 4189 2311 vir,

1003 2387 1168 2436 mea
1222 2361 1452 2437 laude
1500 2364 1776 2455 maior,
1831 2392 1921 2439 ex
1970 2391 2202 2470 opere
2252 2368 2613 2471 populari
2673 2366 3195 2440 Bhakcamala.
3311 2363 3562 2440 Valde
3625 2383 3881 2441 tamen
3945 2364 4189 2440 addu-

1002 2501 1202 2590 bito,
1255 2527 1356 2575 an
1410 2501 1750 2603 legitima
1799 2504 1899 2578 sit
1939 2505 2090 2579 ista
2152 2507 2566 2581 conclusio.
2648 2506 2902 2609 primo
2975 2508 3185 2581 enim
3259 2506 3426 2581 loco
3511 2507 3717 2582 inter
3777 2504 4192 2612 discipulos

1009 2640 1551 2715 Ramanandae
1602 2641 1877 2717 diserte
1926 2643 2195 2719 referri
2253 2672 2410 2721 non
2463 2644 2692 2719 credo
2726 2644 3210 2746 Jayadevam,
3260 2663 3359 2734 et,
3408 2645 3699 2720 etiamsi
3743 2646 4184 2732 referretur,

1009 2775 1237 2852 facile
1288 2779 1454 2854 fieri
1509 2782 1804 2884 potuit,
1873 2799 1965 2856 ut
2023 2800 2429 2859 sectatores
2497 2782 3041 2859 Ramanandae
3104 2782 3250 2857 sibi
3317 2806 3673 2883 arrogare
3741 2779 4186 2859 studuerint

1010 2935 1316 3022 poetam
1367 2920 1870 2996 clarissimum
1921 2941 1999 2998 et
2044 2921 2449 3025 dogmatis,
2503 2950 2705 3026 quae
2754 2924 3096 2999 carmine
3144 2948 3281 2997 suo
3334 2921 3709 3026 professus
3768 2922 3894 3014 sit,
3956 2923 4184 2999 Vish-

1001 3057 1404 3133 nuitarum
1458 3060 1695 3134 tribui
1742 3062 2277 3165 gratissimum.
2378 3062 2683 3137 Deinde
2729 3064 2792 3139 si
2835 3062 3177 3139 indolem
3217 3062 3580 3137 carminis
3615 3062 3944 3166 respicis,
3988 3082 4190 3140 aeta-

1006 3216 1162 3272 tem
1212 3199 1448 3302 magis
1489 3224 1802 3274 auream
1834 3199 1916 3273 id
1949 3198 2278 3288 redolet3
2331 3197 2543 3302 quod
2600 3219 2855 3275 tamen
2901 3199 3109 3273 felici
3153 3198 3607 3275 imitationis
3643 3198 3900 3276 studio
3943 3200 4187 3275 tribui

1007 3354 1272 3440 potest.
1361 3342 1459 3414 At
1501 3338 1710 3413 enim
1765 3365 1940 3415 vero
1987 3365 2358 3414 numerus
2388 3337 3141 3427 commentariorum,
3179 3363 3412 3439 quem
3447 3337 3940 3441 quintarium
3969 3338 4191 3441 equi-

1005 3472 1183 3548 dem
1234 3477 1656 3580 exploravi,
1704 3476 1993 3554 indicio
2047 3498 2186 3571 est,
2250 3478 2519 3586 paullo
2568 3476 2971 3579 antiquius
3033 3501 3184 3552 esse
3251 3502 3598 3568 carmen,
3668 3503 3906 3581 quam
3973 3476 4189 3579 quod

1004 3634 1216 3690 ratus
1257 3615 1357 3693 sit
1404 3619 1673 3695 Wilso.

1201 3759 1303 3831 At
1352 3756 1538 3832 haec
1604 3760 2042 3863 probabilia
2111 3778 2417 3837 tantum
2484 3775 2714 3847 sunt,
2792 3773 3023 3832 restat
3085 3782 3378 3843 unum,
3452 3754 3666 3857 quod
3741 3753 3840 3830 ad
3908 3755 4191 3831 certius

1003 3891 1201 3996 quid
1268 3894 1578 3970 fortasse
1647 3895 2037 4000 perducat.
2155 3901 2536 3974 Memorat
2597 3895 3013 4001 Jayadevas
3077 3894 3164 3990 (1.
3239 3892 3341 3992 4.)
3414 3893 3619 3968 inter
3693 3912 3953 3998 poetas
4015 3920 4190 3970 suos

1004 4036 1358 4138 aequales
1428 4036 2060 4129 Gevardhanam,
2127 4057 2433 4144 poetam
2506 4036 2651 4112 sibi
2719 4036 3184 4141 probatum,
3252 4032 3643 4107 amatoriis
3714 4032 4188 4134 argumentis

1007 4171 1427 4248 tractandis
1491 4175 1950 4266 clarentem,
2029 4174 2639 4252 aemulatoribus
2718 4198 2881 4246 non
2962 4186 3368 4245 carentem.
3487 4167 3853 4244 Novimus
3923 4187 4188 4250 autem

1005 4309 1352 4385 eiusdem
1403 4312 1740 4388 nominis
1782 4332 2128 4418 poetam,
2180 4315 2402 4389 cuius
2450 4329 2899 4419 poematum
2949 4307 3187 4397 liber,
3233 4304 3461 4406 Septa
3514 4305 4184 4412 Cattinscriptus,

1002 4473 1047 4521 a
1075 4447 1578 4527 Colebrookio
1624 4450 1991 4527 laudatur
2022 4450 2166 4546 (As.
2208 4456 2368 4528 Res,
2404 4454 2500 4528 X.
2528 4479 2599 4555 p.
2624 4446 2830 4546 401.)
2878 4443 3334 4528 duodecimo
3383 4445 3686 4522 saeculo
3730 4474 3887 4522 non
3932 4445 4188 4522 iunio-

1003 4607 1188 4674 rem,
1222 4586 1300 4661 ·si
1333 4586 1999 4695 recte-disputavit
2017 4593 2266 4669 Wilso
2296 4589 2533 4687 (Dict.
2563 4593 2853 4666 Sanscr.
2877 4586 2993 4662 ed.
3023 4587 3077 4661 1.
3102 4583 3337 4690 praef.
3375 4586 3595 4689 p-Xl.
3622 4584 3955 4672 XXXI).
4023 4585 4185 4684 Qui

1007 4747 1151 4798 cur
1202 4722 1539 4803 diversus
1586 4729 1686 4804 sit
1733 4728 1833 4804 ab
1879 4757 2015 4821 eo,
2067 4756 2317 4833 quem·
2353 4746 2611 4804 noster
2670 4729 2812 4803 isto
2863 4751 3085 4802 versu
3148 4724 3583 4832 praedicat,
3653 4741 3959 4828 praeter
4019 4723 4190 4829 opi-

1005 4862 1321 4939 nionem
1365 4865 1583 4943 istam
1635 4869 2044 4959 Wilsonis,
2116 4888 2271 4945 tam
2325 4870 2551 4969 longe
2610 4870 2823 4944 abest
2886 4887 2978 4943 ut
3043 4866 3316 4944 idonea
3383 4866 3484 4942 sit
3555 4864 3754 4940 ratio
3823 4863 4028 4948 ulla,
4098 4881 4189 4939 ut

1003 5003 1251 5079 multo
1304 5008 1559 5111 potius
1605 5006 2161 5110 Gitagovindae
2215 5006 2512 5084 indoles
2570 5006 2649 5082 id
2715 5009 3107 5086 saeculum
3168 5009 3328 5111 ipsa
3408 5002 3723 5081 indicet.
3852 5002 4188 5078 Vaeillat
