4935 5819
1815 495 2466 587 Paeti-:Gemma
2529 492 2746 588 vll.
3643 521 3864 582 xxxv

696 759 806 821 est
854 737 1425 819 allitterationis
1489 737 1760 817 similis
1824 737 1939 828 ei,
1994 761 2196 841 quae
2271 754 2470 817 cant.
2534 742 2640 815 ¹8.
2691 762 2752 812 c.
2803 738 2881 813 d.
2953 739 3161 815 inter
3223 753 3650 840 utrumque
3717 763 3876 814 ver·-

696 905 869 956 sum
921 875 1348 956 intercedit.

894 1014 1041 1091 Sed
1082 1014 1273 1093 haec
1321 1014 1695 1092 hactenus
1743 1010 1949 1090 dicta
1992 1012 2152 1090 sint
2198 1009 2295 1088 de
2345 1009 2494 1089 hac
2542 1012 3069 1100 concinentia,
3119 1040 3354 1117 quam
3403 1034 3596 1104 aaut,
3641 1012 3874 1117 gemi-

701 1155 1134 1241 nationem,
1203 1152 1483 1232 dicunt
1538 1153 1880 1244 metrici,
1947 1152 2271 1229 cuilibet
2341 1150 2765 1230 diversitati
2830 1179 3111 1231 nomen
3179 1178 3409 1231 suum
3468 1152 3876 1259 imponen-

705 1314 811 1373 tes
857 1313 937 1371 et
978 1293 1194 1371 hunc
1227 1296 1311 1371 in
1343 1292 1662 1370 modum
1689 1318 1856 1369 eam
1889 1291 2374 1368 definientes:
2424 1314 2714 1381 W·
2767 1314 2951 1390 εἶξα
2978 1289 3307 1364 mnam:
3342 1289 3868 1391 ἀῆῦὲπξωπει
3945 1366 3950 1371 .

697 1451 809 1502 w
845 1425 1192 1522 αῆτῑῇΐέωε
1241 1435 1455 1533 εξζτῆπι
1505 1434 1878 1504 aeffiuffem·
1932 1449 2072 1508 etc·
2175 1433 2453 1509 Decem
2507 1459 2781 1536 genera
2840 1452 3109 1511 contra
3160 1432 3390 1539 ponit
3427 1433 3677 1509 Wilso
3723 1458 3777 1509 s.
3810 1460 3873 1508 v.

703 1574 847 1651 Res
901 1589 1049 1659 est,
1117 1596 1320 1674 quae
1386 1570 1471 1648 in
1535 1569 1728 1647 iusta
1801 1595 2161 1647 versuum
2231 1568 2684 1647 Indicorum
2753 1570 3106 1647 doctrina
3177 1588 3256 1647 et
3312 1570 3745 1647 accuratius
3804 1587 3883 1645 et

700 1710 1018 1786 uberius
1085 1708 1398 1787 debebit
1470 1708 1805 1786 tractari.
1908 1710 2038 1786 Eis
2103 1736 2305 1813 quae
2372 1711 2825 1788 adumbravi
2895 1729 3225 1788 utantur
3288 1709 3428 1812 qui
3485 1735 3652 1786 eam
3711 1735 3878 1786 rem

701 1874 880 1924 mox
922 1848 1328 1925 molituros
1374 1871 1525 1922 esse
1564 1871 1806 1950 spero.

899 1991 1074 2065 vn.
1175 1990 1349 2064 Non
1408 1986 1659 2062 multa
1726 2007 1912 2064 sunt
1979 2015 2180 2092 quae
2249 1988 2344 2064 de
2415 1990 2559 2068 hac
2635 1990 2978 2068 editione
3064 1982 3447 2068 monenda
3532 1987 3876 2063 habeam.

701 2131 1030 2225 Textum
1079 2126 1445 2203 constitui
1496 2125 1595 2202 ad
1647 2124 1876 2201 fidem
1932 2126 2313 2204 librorum
2367 2130 3109 2234 manuscriptorum,
3173 2128 3514 2230 neglecta
3576 2151 3885 2230 prorsus

706 2266 1047 2343 editione
1094 2292 1141 2341 a
1195 2266 1624 2341 Baburama
1692 2283 1998 2355 curata,
2064 2270 2151 2342 A.
2201 2268 2270 2342 S.
2336 2272 2542 2343 1808.
2608 2269 3025 2343 Calcuttae.
3136 2269 3382 2343 Tenet
3443 2291 3532 2341 ea
3596 2283 3890 2343 textum

703 2406 991 2482 criticis
1048 2402 1443 2509 praesidiis
1491 2402 1815 2479 omnino
1869 2401 2175 2478 nudum
2230 2404 2389 2480 foll.
2440 2410 2560 2481 33.
2630 2424 2808 2481 octt.
2870 2406 3223 2507 oblongg.
3321 2406 3524 2507 Siglo
3577 2407 3643 2481 S.
3714 2430 3886 2480 eam

705 2543 1043 2619 distinxi.
1142 2541 1262 2619 Ad
1313 2542 1779 2645 scripturam
1826 2539 2184 2619 codicum
2230 2540 2797 2618 emendandam
2848 2539 3221 2633 adhibui,
3281 2544 3402 2619 uti
3465 2570 3611 2649 par
3668 2561 3881 2628 erat,

712 2696 881 2758 tum
927 2680 1255 2767 scholia,
1309 2694 1475 2756 tum
1524 2680 2058 2782 grammaticas
2105 2697 2185 2757 et
2229 2679 2584 2757 metricas
2626 2680 2990 2775 rationes3
3042 2682 3275 2757 semel
3325 2680 3530 2757 bisve
3582 2699 3890 2757 tantum

709 2844 903 2925 opus
961 2837 1131 2895 erat
1187 2817 1685 2907 coniecturis,
1747 2816 1843 2893 de
1911 2817 2198 2921 quibus
2263 2837 2433 2896 tum
2492 2817 2577 2895 in
2637 2818 3004 2896 varietate
3069 2819 3531 2926 scripturae,
3589 2838 3752 2896 tum
3805 2820 3893 2896 in

706 2957 1210 3037 annotatione
1239 2959 1641 3035 certiorem
1669 2956 1814 3033 feci
1854 2960 2239 3034 lectorem.
2310 2957 2721 3060 Negotium
2751 2976 2860 3033 est
2891 2958 2973 3033 in
3007 2957 3455 3033 universum
3486 2956 3892 3034 difficulta-

704 3099 800 3175 tis
843 3097 1061 3175 haud
1094 3122 1434 3201 magnae,
1486 3122 1809 3172 manum
1851 3094 2375 3172 recentiorum
2430 3095 2710 3173 horum
2754 3116 3161 3203 poetarum
3214 3098 3631 3200 genuinam
3677 3097 3894 3173 resti-

710 3256 926 3313 tuere
978 3237 1247 3324 talem,
1311 3236 1619 3338 qualem
1671 3259 1839 3310 eam
1902 3252 2084 3310 ante
2152 3236 2415 3311 oculos
2477 3232 2822 3312 habuere
2892 3254 3373 3313 enarratores
3436 3234 3895 3338 indigenae,

707 3373 936 3452 modo
1014 3401 1285 3452 eorum
1358 3373 1948 3451 commentarios
2018 3393 2373 3451 accurate
2449 3392 2797 3452 exaratos
2867 3377 3263 3451 consulere
3347 3374 3572 3451 nobis
3642 3375 3887 3451 liceat.

703 3514 961 3590 Prima
1013 3529 1125 3590 est
1188 3512 1412 3600 baec,
1475 3510 1608 3587 sed
1672 3510 2000 3586 inferior
2050 3508 2334 3612 negotii
2388 3535 2596 3614 pars;
2663 3537 2824 3614 qua
2882 3510 3269 3603 absoluta,
3344 3508 3892 3588 diiudicandae

706 3667 1109 3727 remanent
1162 3667 1327 3725 tum
1370 3650 1799 3753 scripturae
1843 3651 2116 3742 variae,
2167 3674 2361 3753 quas
2410 3648 2740 3726 laudant
2780 3650 3259 3741 scholiastae,
3314 3650 3536 3726 nulla
3587 3648 3890 3726 adiecta

706 3786 877 3860 crisi
901 3818 924 3879 3
978 3784 1356 3860 rarissime
1404 3787 1613 3860 enim
1646 3786 1865 3860 aliud
1898 3785 2097 3889 quid
2146 3785 2471 3877 addunt,
2517 3814 2755 3890 quam
2782 3787 3197 3862 formulam
3232 3804 3403 3859 πειτ
3449 3809 3573 3860 (πει
3630 3789 3746 3864 vel
3774 3789 3889 3887 ζῆ

701 3916 807 3994 tn}
855 3942 933 3999 et
993 3922 1749 4027 interpretationem3
1821 3940 1993 3999 tum
2054 3924 2203 4000 loci
2266 3924 2594 4028 quidam
2661 3926 3101 4032 pauciores,
3172 3953 3368 4029 quos
3430 3927 3884 4004 insimulare

707 4061 982 4163 nequit
1026 4087 1185 4137 non
1236 4060 1449 4138 crisis
1492 4061 1929 4138 accuratior
1975 4060 2571 4167 depravationis,
2635 4065 2817 4140 licet
2865 4063 3183 4139 latuerit
3246 4063 3383 4139 illa
3445 4063 3884 4142 scholiastae

708 4201 1123 4304 indigenas.
1241 4203 1463 4298 Quae
1528 4203 1783 4306 operis
1851 4227 2029 4306 pars
2089 4202 2384 4278 altioris
2455 4219 2568 4278 est
2636 4199 3040 4303 indaginis.
3165 4204 3497 4276 Textum
3560 4201 3882 4278 exhibui

710 4342 973 4428 talem,
1026 4340 1281 4441 qualis
1325 4341 1558 4415 evasit
1604 4340 1952 4417 absoluta
2002 4341 2247 4447 priori
2299 4340 2434 4415 illa
2478 4340 2750 4416 criseos
2800 4357 3055 4443 parte3
3106 4363 3307 4442 quae
3354 4337 3457 4413 ad
3511 4339 3880 4445 posterio-⁴

709 4506 869 4556 rem
916 4478 1429 4586 pertinerent,
1488 4478 1977 4556 annotationi
2043 4479 2497 4584 exponenda
2547 4498 2626 4555 et
2699 4479 3102 4556 tractanda
3145 4478 3469 4585 seposui.
3594 4481 3884 4581 Conge-

708 4614 1028 4692 rendam
1074 4638 1372 4719 semper
1416 4638 1566 4690 csse
1616 4633 1854 4692 totam
1902 4616 2157 4693 variae
2206 4616 2633 4721 scripturae
2665 4619 2956 4694 nubem
2999 4643 3094 4692 ex
3141 4618 3360 4693 libris
3413 4642 3617 4711 reor3
3659 4616 3875 4692 exhi-

710 4753 845 4828 bui
909 4754 1141 4830 etiam
1195 4752 1294 4829 ad
1369 4755 1653 4832 calcem
1726 4775 2007 4843 textus,
2083 4756 2431 4859 quamvis
2513 4756 2597 4833 in
2682 4756 3239 4832 recentioribus
3315 4756 3522 4832 hisce
3598 4757 3883 4862 poetis,

709 4894 1235 4996 grammatica,
1322 4920 1580 4983 versu,
1661 4896 2149 4972 enarratione
2227 4895 2731 5000 popularium
2817 4920 2864 4969 a
2942 4896 3382 4999 corruptela
3464 4897 3643 4972 satis
3727 4897 3887 5001 ple·

713 5057 1045 5134 rumque
1091 5034 1312 5118 tutis,
1364 5058 1642 5140 operae
1702 5033 2045 5140 pretium
2094 5033 2178 5108 id
2230 5060 2388 5110 non
2439 5058 2823 5121 censeam3
2892 5050 2974 5109 at
3039 5034 3257 5112 nolui
3338 5034 3739 5111 incurrere
3803 5033 3892 5111 in
