4935 5819
1913 482 2577 575 Pnomooiam'
2619 484 2787 581 VI.
3761 517 3926 578 xxv

756 728 862 804 ita
912 725 1129 809 brevi
1180 725 1530 803 oratione
1576 720 1933 830 expediri·
1974 740 2395 828 nequeunt.
2469 724 2878 803 'Praebent
2925 728 3139 805 enim
3186 730 3440 808 rarius
3483 731 3796 810 usitatas
3851 753 3931 812 et

755 862 1047 971 pedum
1092 844 1183 942 et
1212 860 1725 940 distichorum
1770 860 2094 957 formas3
2138 859 2434 939 accedit
2484 863 2974 943 concinentia
3012 893 3373 944 versuum
3425 869 3708 961 finalis,
3752 872 3929 948 satis

756 1004 1286 1083 constantibus
1328 1004 1610 1108 regulis
1658 999 2039 1080 adstricta.
2141 1001 2523 1080 Constitui
2592 1020 2886 1087 tamen,
2935 1031 3048 1081 ne
3113 1006 3200 1083 in
3264 1007 3587 1083 nimiam
3646 1010 3928 1085 molem

755 1160 1173 1244 augeretur
1223 1141 1411 1218 baec
1460 1141 1859 1247 praefatio,
1909 1142 2169 1247 potius
2217 1142 2594 1216 elementa
2637 1140 3005 1220 exhibere
3054 1143 3639 1251 disputationis,
3688 1175 3927 1251 quam

754 1283 994 1386 ipsam
1044 1280 1467 1371 absolvere,
1517 1280 1579 1355 si
1637 1279 2025 1357 absolvere
2081 1278 2376 1385 possim.
2487 1279 2761 1356 Dicam
2835 1282 3073 1385 igitur
3140 1284 3484 1391 primum
3556 1284 3652 1361 de
3720 1288 3927 1364 varia

752 1419 1042 1525 pedum
1083 1443 1483 1507 mensura,
1529 1437 1698 1496 tum
1742 1417 1836 1493 de
1886 1419 2243 1503 versibus,
2297 1415 2580 1496 deinde
2628 1417 2726 1494 de
2765 1421 3264 1533 stropharum
3312 1423 3600 1519 formis,
3646 1425 3925 1502 ultimo

752 1560 919 1635 loco
971 1555 1066 1633 de
1114 1557 1602 1633 concinentia
1656 1554 1898 1631 finali.

853 1740 919 1786 a.
1020 1714 1140 1787 De
1187 1709 1478 1815 pedum
1531 1735 1908 1787 mensura.

954 1901 1024 1948 a.
1076 1873 1556 1952 Usitatissimi
1606 1891 1791 1950 sunt
1837 1872 2065 1979 pedes
2112 1895 2672 1979 quaternarum
2723 1909 3153 1976 morarum,
3219 1885 3422 1963 hisce
3478 1888 3924 1966 variationi-

748 2016 927 2091 bus:
988 2060 1041 2087 o
1073 2059 1127 2087 υ
1158 2062 1211 2089 2
1242 2060 1331 2107 o,
1384 2041 1499 2089 v.-
1531 2056 1586 2083 υ
1617 2057 1705 2106 υ,
1755 2041 1821 2089 v.
1851 2055 1906 2082 υ
1937 2055 1990 2082 υ
2019 2060 2071 2107 -‚
2120 2042 2298 2091 v.··
2361 2046 2429 2095 V.
2477 2055 2531 2084 υ
2561 2063 2595 2078 -
2628 2065 2716 2094 υ.
2772 2022 2992 2120 Quae
3042 2051 3398 2102 mensura
3449 2046 3558 2103 est
3605 2026 3922 2105 cantico.

760 2186 817 2231 ι.
847 2183 911 2232 2.
941 2162 1095 2253 54.
1119 2154 1185 2232 5.
1218 2160 1285 2231 6.
1320 2161 1385 2232 8.
1420 2181 1492 2254 9.
1532 2184 1559 2230 1
1584 2183 1641 2231 1.
1685 2182 1790 2230 12.
1833 2164 1942 2251 ¹4·
1967 2153 2078 2231 15.
2123 2161 2229 2232 16.
2268 2185 2375 2257 ¹7·
2416 2163 2530 2235 18.
2564 2186 2672 2235 20.
2707 2188 2821 2236 22.
2854 2170 2967 2239 23.
3001 2170 3110 2260 24.
3164 2167 3321 2242 Aut
3345 2193 3653 2271 prorsus
3679 2168 3923 2267 libera

748 2313 869 2375 est,
907 2293 1274 2386 variatio,
1322 2311 1461 2368 aut
1508 2291 2001 2393 restringitur
2043 2289 2144 2366 ad
2196 2310 2436 2369 certas
2483 2294 2707 2373 sedes.
2808 2300 2927 2373 De
2976 2327 3134 2403 qua
3187 2326 3268 2378 re
3320 2331 3496 2379 mox
3560 2303 3919 2382 dicemus.

748 2432 984 2534 Quod
1028 2451 1289 2509 autem
1332 2431 1714 2508 observari
1766 2428 1838 2505 h.
1892 2431 1944 2505 l.
1994 2428 2256 2519 debet,
2300 2449 2446 2523 est,
2493 2461 2933 2511 mensuram
2982 2438 3406 2538 legitimam
3455 2440 3924 2543 quibusdam

748 2570 934 2645 locis
984 2595 1145 2646 non
1197 2592 1407 2672 posse
1456 2565 1863 2656 constitui,
1916 2563 2063 2639 nisi
2132 2563 2530 2670 dipodiam
2598 2569 2989 2665 admittas,
3052 2573 3302 2651 duum
3370 2577 3662 2682 pedum
3718 2603 3925 2655 com-

744 2710 1109 2786 munium
1158 2731 1517 2784 mensura
1561 2702 2039 2813 explendam.
2140 2705 2512 2813 Exempla
2557 2729 2740 2788 sunt
2788 2711 3010 2790 haec:
3075 2717 3257 2821 Cap.
3292 2720 3353 2791 l.
3404 2714 3477 2791 d.
3518 2715 3725 2813 14.b.
3772 2716 3914 2792 ubi

2407 2837 2580 2863 υν-

746 2893 832 2969 in
883 2917 1147 2984 versu,
1214 2888 1437 2966 cuius
1483 2914 1842 2966 mensura
1891 2909 2032 2969 est:
2100 2895 2903 2997 ψψυψιῖἕόυιῖἅᾷ.
2934 2940 3026 2998 1-
3061 2963 3111 2976 ..
3144 2896 3181 2995 ΙΙ
3216 2898 3404 2974 baec
3452 2900 3699 2976 forma
3728 2901 3912 3004 legi-

743 3054 902 3113 tur:
951 3079 985 3093 ·
1015 3067 1390 3103 υυυυυ
1449 3025 1465 3126 l
1521 3069 1574 3095 υ
1604 3074 1654 3103 s.
1690 3074 1744 3099 υ
1774 3074 1829 3101 υ
1888 3031 1901 3122 Ι
1940 3074 2025 3089 --
2059 3027 2096 3125 ΙΙ
2157 3031 2338 3108 Duo
2389 3033 2680 3137 priores
2729 3033 2955 3139 pedes
3004 3035 3490 3112 octonarium
3545 3032 3914 3138 praebent

738 3196 1159 3249 numerum
1181 3195 1598 3256 morarum,
1649 3191 1850 3270 quae
1896 3187 2151 3247 tamen
2181 3169 2407 3246 solito
2442 3198 2655 3247 more
2686 3174 2769 3248 in
2803 3171 2995 3249 duos
3026 3170 3354 3248 diversos
3389 3169 3616 3275 pedes
3663 3170 3920 3247 distri-

738 3310 881 3386 bui
928 3327 1352 3413 nequeunt.
1453 3305 1666 3383 Idem
1702 3308 2037 3384 recurrit
2086 3312 2265 3414 Cap.
2297 3313 2354 3384 1.
2407 3307 2482 3384 d.
2520 3315 2635 3386 30.
2671 3337 2739 3386 a.
2799 3311 2935 3385 ubi
2987 3337 3131 3415 pro
3199 3310 3426 3386 tertio
3491 3328 3571 3386 et
3637 3326 3918 3413 quarto

734 3450 965 3556 pede:
997 3447 1270 3527 ⁹:5oe
1320 3449 1334 3540 1
1382 3442 1651 3529 “”-”’ῙΞ”
1697 3444 1713 3538 Ι
1755 3448 1885 3524 hic
1939 3476 2307 3528 numerus
2348 3468 2609 3527 exstat:
2676 3495 2729 3521 υ
2760 3495 2814 3521 υ
2845 3491 3015 3523 vu,
3048 3495 3101 3521 υ
3133 3495 3186 3522 c
3230 3467 3304 3525 et
3331 3476 3495 3555 cap.
3526 3451 3621 3524 11.
3665 3447 3735 3523 d.
3758 3457 3825 3545 4.
3846 3448 3916 3523 b.

737 3590 876 3664 ubi
934 3591 1217 3665 iterum
1266 3616 1411 3693 pro
1441 3603 1715 3689 „7533
1763 3589 1775 3681 Ι
1822 3603 2093 3686 ψ-ζῌξ
2140 3589 2155 3681 Ι
2200 3587 2424 3665 initio
2459 3614 2715 3666 versus
2766 3607 3154 3692 prostate·
3185 3632 3600 3661 oooooo
3651 3592 3717 3664 A
3753 3614 3916 3664 cor-

736 3725 1056 3829 rigendo
1126 3728 1389 3830 itaque
1460 3755 1780 3802 manum
1849 3726 2233 3816 abstinui,
2314 3728 2454 3818 uti·
2506 3727 2590 3801 in
2663 3726 3165 3801 annotatione
3232 3722 3415 3798 dixi.
3527 3725 3948 3799 Consensu‘

735 3865 946 3939 enim
995 3866 1535 3970 exemplorum=
1575 3864 1994 3968 probatur,
2053 3863 2471 3965 legitimam
2505 3887 2655 3938 esse
2705 3862 3119 3939 licentiam.
3220 3862 3338 3938 De
3389 3859 3693 3939 duobus
3729 3862 3913 3938 ulti-

737 4004 882 4080 mis
933 4004 1218 4082 borum
1271 4004 1758 4081 canticorum
1807 4003 2148 4080 versibus
2189 4026 2326 4076 suo
2379 4001 2545 4075 loco
2591 3995 3007 4074 dicendum
3060 3998 3229 4075 erit.

930 4156 998 4253 β.
1100 4158 1436 4234 Canticis
1491 4164 1595 4234 13.
1648 4180 1757 4256 ¹9·
1806 4179 1921 4231 21.
1988 4158 2208 4233 nulla
2269 4154 2419 4231 alia
2480 4173 2731 4259 potest
2791 4154 3143 4260 adaptari
3209 4179 3596 4237 mensura,
3674 4177 3913 4254 quam

730 4291 959 4398 pedes
1005 4298 1396 4395 quinarum
1449 4321 1881 4383 morarum3
1934 4322 2271 4399 quorum
2323 4293 2611 4398 pedum
2660 4293 2803 4369 hae
2856 4293 3369 4369 inveniuntur
3414 4287 3909 4365 variationes:

746 4472 1138 4499 υυυυυ
1195 4433 1322 4524 lv.
1372 4479 1406 4491 -
1449 4478 1501 4505 ψ
1534 4481 1587 4506 ψ
1619 4480 1713 4523 ψ,
1760 4462 1825 4507 v.
1865 4477 2101 4525 --v--,
2153 4462 2437 4521 v.-u·,
2497 4451 2572 4508 et
2622 4432 2873 4509 rarius
2930 4483 2973 4499 υ
3007 4477 3099 4491 --
3135 4428 3363 4528 (cant.
3425 4452 3528 4528 ¹9.
3578 4454 3759 4505 vers.
3816 4419 3912 4519 c.)

731 4594 799 4642 v·
855 4617 892 4636 2
929 4612 961 4627 -
989 4604 1083 4633 νυ
1148 4573 1341 4675 (cap.
1376 4573 1470 4658 X,
1503 4570 1575 4646 d.
1611 4601 1674 4670 7,
1713 4600 1779 4648 v.
1812 4573 1881 4648 b.
1931 4573 2107 4650 sede
2154 4570 2639 4678 penultima).

926 4751 985 4818 y·
1088 4728 1308 4803 Cant.
1366 4755 1427 4826 7.
1496 4728 2173 4805 monoschematici
2225 4727 2532 4804 distichi
2583 4728 2908 4833 speciem
2959 4749 3146 4829 prae
3189 4748 3265 4799 se
3309 4724 3477 4813 fert,
3523 4722 3909 4828 siquidem

732 4887 991 4940 omnes
1048 4863 1276 4969 pedes
1358 4864 1718 4941 omnibus
1783 4864 2089 4943 sedibus
2153 4865 2250 4943 ad
2304 4892 2545 4943 unam
2613 4863 3094 4965 eandemque
3168 4887 3520 4938 normam
3582 4846 3909 4939 restricti

731 5019 928 5078 sunt·
1030 5004 1438 5081 Canticum
1491 5009 1750 5082 autem
1796 5032 2048 5109 quum
2095 5007 2227 5092 sit,
2279 5005 2613 5083 dubium
2660 5029 2822 5079 non
2873 5020 3015 5091 est,
3063 5000 3263 5103 quin
3320 5000 3704 5102 syllabicis
3746 5025 3909 5075 mo-

3427 5152 3510 5210 lv
