4935 5819
1838 524 2495 619 PROLEGOMENA
2553 528 2669 620 V.
3677 540 3856 614 xv'it

874 776 1292 878 Propensio
1342 794 1603 851 autem
1660 777 1830 853 talis
1880 775 2146 853 vitiosa
2194 790 2305 852 est
2356 770 2749 861 habenda3
2801 768 3016 875 quod
3070 770 3229 876 ipse
3282 768 3578 844 indicat
3637 785 3862 872 poeta

674 934 806 1000 eo,
877 910 1091 1013 quod
1145 935 1373 985 novus
1422 909 1734 987 dicatur
1782 912 2154 990 Krishnas
2186 917 2282 988 11.
2319 938 2432 986 21.
2484 938 2732 1015 quum
2786 911 3172 1015 primum,
3224 910 3666 1014 puellarum
3733 906 3864 981 de-

582 1075 586 1078 ‘
678 1049 1013 1154 spicatus
1059 1077 1431 1141 amorem,
1483 1050 1794 1127 Radhae
1841 1053 1941 1130 sit
1989 1050 2449 1128 recordatus.
2549 1051 2858 1129 Vitium
2910 1051 3058 1127 hoc
3105 1048 3322 1154 quod
3379 1049 3464 1125 in
3528 1049 3866 1126 Krishna'·

676 1212 829 1264 esse
876 1207 1219 1294 apparet,
1271 1190 1783 1296 repetendum
1822 1210 1932 1267 est
1963 1220 2007 1266 a
2057 1218 2354 1267 summa
2387 1217 2588 1295 quae
2615 1192 2824 1268 sitin
2860 1218 2948 1268 eo
2976 1190 3508 1267 benevolentia
3542 1207 3618 1264 et
3645 1187 3864 1289 mise·

678 1328 1010 1405 ricordia
1026 1363 1048 1424 3
1102 1331 1322 1405 nulla
1374 1331 1583 1405 enim
1634 1331 1788 1407 alia
1841 1331 2218 1408 Krishnae
2265 1332 2513 1409 virtus
2561 1332 2860 1438 saepius
2909 1331 3383 1416 celebratum
3449 1327 3864 1432 conspicua

677 1466 996 1570 quidem
1047 1495 1134 1545 ea
1180 1488 1289 1546 est
1338 1470 1754 1576 praecipue
1816 1470 1901 1548 in
1969 1471 2324 1547 sedandis
2391 1471 2645 1562 malis,
2704 1497 2904 1575 quae
2969 1497 3060 1545 ex
3122 1467 3285 1544 aevi
3347 1468 3621 1562 huius,
3675 1466 3867 1575 ‘Kale

677 1604 955 1684 dicunt
980 1606 1179 1693 Indi,
1234 1607 1704 1713 depravitate
1753 1608 2143 1686 oriuntur.
2207 1608 2387 1709 Vid.
2408 1616 2462 1687 1.
2502 1636 2607 1710 ¹9·
2633 1637 2741 1687 20.
2775 1638 2887 1685 22.
2941 1614 3039 1685 11.
3062 1613 3130 1685 8.
3155 1605 3386 1686 V.15.
3411 1611 3583 1685 VII.
3606 1631 3697 1681 ao
3725 1617 3865 1682 etc.

675 1745 1035 1823 Procedit
1084 1746 1347 1850 itaque
1395 1746 1609 1850 quod
1666 1748 1749 1825 in
1793 1747 2129 1824 Krishna
2182 1749 2546 1826 vitiosum,
2590 1747 2930 1838 videtur,
2984 1773 3144 1823 non
3188 1774 3234 1822 a
3286 1746 3473 1822 vitio
3524 1744 3866 1849 quodam

677 1884 748 1961 ei
802 1884 1279 1974 inhaerenti,
1324 1884 1453 1960 sed
1503 1912 1546 1961 a
1597 1884 2128 1964 benevolentia
2184 1908 2419 1993 atque
2470 1911 2751 1977 amore,
2803 1913 2963 1990 quo
3012 1883 3412 1960 mundum·
3453 1884 3867 1988 amplecta-

681 2043 813 2099 tur
860 2025 1308 2101 universum
1352 2045 1430 2102 et
1478 2027 1897 2133 voluptatis
1949 2027 2250 2133 gaudiis
2294 2025 2677 2104 laetificet.
2794 2027 2976 2101 Pars
3037 2044 3300 2101 autem
3365 2024 3704 2128 mysterii
3782 2025 3867 2101 in

677 2162 824 2238 hac
875 2163 1035 2268 ipm
1089 2188 1174 2239 re
1225 2164 1467 2270 posita
1518 2182 1663 2256 est,
1714 2165 1928 2269 quod
1981 2167 2277 2243 iuvenis
2339 2164 2651 2242 divinus
2717 2163 3014 2240 mundo
3072 2163 3264 2240 huic
3330 2163 3584 2255 datus,
3645 2188 3898 2240 verae*

677 2302 991 2378 amandi
1044 2304 1369 2381 rationis
1420 2304 1764 2381 oblivisci
1818 2306 2068 2410 possit,
2121 2306 2227 2381 ita
2264 2323 2356 2380 ut
2408 2330 2569 2379 non
2603 2300 3102 2390 discriminet,
3153 2298 3346 2404 quid
3377 2327 3616 2392 verus,
3668 2301 3867 2404 quid

676 2438 915 2519 falsus
956 2440 1057 2517 sit
1105 2467 1343 2528 amor,
1394 2461 1473 2519 et
1517 2441 1991 2519 revocandus
2040 2443 2139 2518 sit
2186 2441 2286 2517 ab
2336 2465 2621 2516 errore.
2699 2438 3153 2515 Remedium
3193 2440 3506 2514 vitiosae
3535 2463 3869 2543 propen-

675 2578 911 2655 sionis
959 2577 1227 2655 Radha
1277 2598 1387 2657 est
1431 2598 1510 2657 et
1558 2579 1661 2656 ad
1709 2581 2106 2685 mysticam
2156 2580 2390 2656 totius
2437 2577 2803 2654 carminis
2865 2575 3586 2682 interpretationem
3634 2575 3870 2680 potis·

678 2716 979 2793 simum·
1010 2717 1196 2793 facit
1247 2717 1463 2822 quod
1516 2719 1958 2825 initiocap.
2011 2722 2143 2795 111.
2198 2719 2484 2821 legitur
2532 2714 2940 2794 distichon.

877 2858 1266 2934 Fraenum
1292 2856 1470 2934 wheic
1499 2855 1793 2936 dicitur
1823 2856 2114 2951 nsaht,
2163 2885 2321 2963 quo
2352 2875 2856 2935 coerceantur
2882 2853 3466 2961 imaginationes
3491 2882 3534 2933 e
3566 2856 3861 2934 mundo

679 2993 936 3070 sensili
989 2994 1403 3081 oriundae,
1452 2998 1571 3073 vel
1625 3016 1719 3073 ut
1769 2994 2035 3074 lndico
2086 3016 2269 3074 utar
2316 2996 2726 3086 vocabulo,
2779 3020 2823 3070 e
2872 2998 3223 3087 Sansara,
3271 2996 3318 3069 i.
3370 3020 3433 3070 e.
3489 3019 3533 3069 e
3594 3020 3861 3071 rerum

676 3154 1173 3210 externarum
1222 3134 1412 3211 orbe
1463 3154 1842 3244 perpetuo
1898 3140 2372 3229 revolvente,
2442 3156 2679 3242 atque
2739 3137 2825 3213 in
2891 3163 3167 3241 gyrum
3235 3164 3466 3213 suum
3529 3155 3868 3214 mentem

568 3313 573 3317 ·
676 3265 1135 3380 abripiente.
1208 3277 1714 3355 Manifestum
1766 3277 2007 3381 igitur
2053 3298 2184 3364 est,
2236 3280 2518 3385 puellis
2568 3280 2730 3359 istis
2781 3278 3214 3355 innumeris
3249 3277 3361 3354 nil
3393 3275 3608 3353 aliud
3636 3279 3870 3380 signi-

680 3415 940 3504 ficari,
989 3444 1228 3521 quam
1272 3444 1391 3495 res
1438 3419 1784 3508 sensiles,
1835 3446 2177 3523 quarum
2220 3419 2802 3497 oblectamentis
2849 3437 2927 3494 et
2976 3416 3272 3493 deliciis
3306 3444 3555 3522 quum
3594 3417 3869 3494 obstri-

678 3572 846 3630 ctus
894 3555 993 3631 sit
1040 3555 1386 3647 animus,
1433 3556 1711 3662 irrepit
1756 3558 1841 3633 in
1893 3575 2235 3635 mentem
2283 3582 2528 3661 eaque
2576 3559 2880 3662 potitur
2927 3557 3336 3663 occupatio
3387 3556 3871 3659 cogitationis

681 3693 768 3768 in
820 3692 1050 3770 rebus
1112 3694 1520 3772 sensilibus
1585 3695 2118 3800 imaginandis.
2216 3717 2412 3768 ειπππ
2469 3695 2681 3771 enim
2747 3696 3199 3772 informatio
3261 3713 3370 3771 est
3440 3721 3705 3770 rerum
3781 3696 3868 3769 in

680 3838 972 3922 mente,
1024 3832 1402 3911 habitatio
1455 3836 1674 3939 quasi
1729 3837 1923 3927 (W)
1978 3837 2444 3939 imaginum,
2507 3835 2798 3937 quibus
2845 3858 2963 3911 res
3007 3834 3314 3912 sensiles
3363 3832 3867 3940 comprehen-

683 3971 1009 4065 duntur,
1065 3973 1153 4050 in
1198 3994 1473 4053 mente.
1523 3975 1634 4052 Cf.
1685 3976 1918 4053 schol.
1966 3974 2066 4052 ad
2091 3981 2224 4053 111.
2268 4005 2326 4053 1.
2411 3973 2910 4081 Reciprocato
2939 3993 3198 4051 autem
3234 3975 3522 4050 iterum
3550 3975 3869 4049 iterum-

683 4115 840 4212 que
921 4138 1185 4190 rerum
1255 4133 1751 4193 externarum
1823 4143 2051 4221 gyro,
2126 4116 2460 4193 recurrit
2524 4140 2825 4220 semper
2889 4140 3158 4192 earum
3222 4113 3868 4218 imaginationum

688 4247 1120 4327 recordatio
1149 4304 1171 4338 ,
1239 4278 1442 4357 quae
1506 4254 1654 4331 nisi
1729 4256 2215 4333 cohibeatur·
2259 4274 2338 4333 et
2407 4255 2929 4339 refraenetur,
2998 4271 3371 4360 perpetuo
3439 4250 3869 4354 imaginum

670 4387 1014 4465 decursu
1064 4390 1347 4468 obruat
1394 4414 1731 4473 mentem
1780 4415 1858 4474 et
1903 4396 2220 4502 perdat,
2273 4420 2569 4471 necesse
2618 4413 2748 4470 est.

885 4530 1476 4633 Imaginationes
1518 4536 1723 4627 istae,
1777 4561 1821 4611 e
1870 4535 2183 4614 mundo-
2210 4535 2469 4613 sensili
2523 4532 2925 4626 oriundae,
2960 4561 3208 4639 quum
3259 4534 3341 4609 in
3378 4553 3635 4609 mente
3670 4550 3870 4609 totae

573 4693 582 4710 ·‘
694 4667 976 4754 insint,
1024 4696 1279 4775 neque
1326 4691 1539 4749 extra
1584 4695 1922 4754 mentem
1970 4677 2265 4782 possint
2313 4676 2685 4767 exsistere,
2735 4674 3257 4778 consequitur,
3308 4692 3399 4749 ut
3437 4673 3582 4747 sub
3610 4670 3871 4747 Krish-

692 4831 838 4880 nae
890 4807 1203 4885 nomine
1255 4809 1755 4915 intelligenda
1803 4814 1900 4890 sit
1951 4840 2184 4890 mens.
2282 4816 2641 4892 Mentem·
2681 4813 2855 4891 dico
2902 4811 3393 4917 simpliciter,
3446 4840 3608 4891 non
3656 4840 3871 4890 men·

694 4962 847 5020 tem
887 4971 1298 5040 sum-mam,
1350 4950 1470 5027 uti
1512 4950 1699 5028 fecit
1742 4952 2144 5031 scholiasta
2194 4952 2294 5030 ad
2349 4959 2405 5031 Ι.
2454 4958 2574 5050 46.

891 5084 1085 5160 Nam
1118 5112 1333 5165 mens
1371 5088 1637 5166 eadem
1676 5108 1888 5169 estet
1917 5091 2002 5169 in
2043 5090 2361 5171 homine
2396 5112 2474 5171 et
2512 5097 2597 5171 in
2644 5091 2786 5171 deo
2833 5110 2913 5169 ct
2951 5109 3216 5167 manat
3255 5117 3468 5169 mens
3502 5092 3869 5179 humana,

3381 5244 3470 5304 111
