4935 5819
1078 513 1277 574 xvm
2323 477 2557 571 GiTA
2609 480 3016 575 GovmnA

1077 733 1455 834 tanquam
1503 753 1546 805 e
1580 726 1835 833 capite
1883 752 2061 810 suo,
2114 750 2155 800 e
2206 745 2465 803 mente
2518 726 2803 804 divina.
2910 732 3209 805 Verum
3253 728 3466 806 enim
3497 753 3675 807 vero
3705 756 3919 809 mens
3944 758 4266 821 summa,

1074 897 1250 948 vere
1301 870 1609 957 divina,
1655 864 2043 972 implicari
2097 892 2259 942 non
2301 883 2553 971 potest
2595 864 2757 971 ipsa
2808 866 3068 957 rebus,
3113 866 3774 971 quemadmodum
3820 869 4269 976 implicatur

1076 1007 1463 1098 Krishnas‚
1518 1006 1665 1082 nisi
1717 1005 1936 1109 quasi
1985 1029 2026 1080 e
2078 1002 2369 1106 gremio
2421 1001 2635 1106 adyti
2681 1006 2798 1081 sui
2850 1005 3123 1082 exierit
3174 1006 3258 1083 in
3285 1005 3670 1083 mundum
3705 1026 3782 1084 et
3814 1009 4009 1086 vices
4039 1037 4267 1087 mun-

1075 1149 1321 1226 danae
1365 1146 1810 1224 existentiae
1856 1145 2201 1223 subierit.
2306 1144 2534 1221 Subit
2583 1166 2844 1223 autem
2894 1146 3322 1223 humanam
3371 1146 3908 1225 condicionem
3948 1149 4101 1225 sive
4135 1177 4267 1256 po-

1078 1287 1229 1363 tius
1270 1285 1532 1363 subire
1580 1287 1889 1364 videtur
1942 1313 2158 1363 mens
2203 1284 2507 1376 divina,
2556 1310 2805 1387 quum
2861 1311 3140 1390 corpus
3188 1284 3630 1361 humanum
3687 1286 3803 1359 vel
3857 1282 4071 1388 quod
4118 1285 4266 1362 hu·

1073 1453 1307 1504 mano
1357 1451 1571 1504 more
1620 1427 1991 1530 agitetur,
2056 1424 2360 1503 induat.
2476 1423 2658 1501 Ideo
2726 1424 3004 1499 falsum
3072 1450 3223 1499 esse
3288 1448 3466 1499 reor
3525 1422 4059 1528 interpretem,
4121 1426 4264 1528 qui

1074 1565 1538 1655 Krishnam,
1584 1566 2000 1671 anagogico
2049 1563 2414 1643 carminis
2461 1589 2726 1653 sensu,
2774 1589 3155 1639 summam
3201 1561 3551 1637 numinis
3598 1579 3937 1639 mentem
3998 1565 4264 1669 appel-

1073 1706 1218 1800 lat3
1263 1730 1478 1783 mens
1523 1724 1639 1783 est
1682 1705 2003 1809 originis
2056 1705 2402 1798 divinae,
2442 1701 2574 1781 sed
2626 1702 2986 1777 humanis
3031 1700 3309 1777 mentis
3369 1697 3963 1779 condicionibus
4023 1701 4263 1780 obno-

1073 1845 1215 1921 xia.
1332 1847 1466 1924 Est
1525 1864 1620 1923 ut
1682 1874 1844 1923 uno
1894 1848 2129 1924 verbo
2177 1845 2430 1923 dicam
2474 1842 2688 1949 quod
2736 1841 3095 1931 sentiam,
3161 1839 3535 1918 Krishnas
3600 1866 3815 1917 mens
3864 1840 4127 1919 divina
4179 1842 4263 1920 in

1072 1986 1392 2063 homine
1442 1988 1970 2074 manifestata3
2022 2006 2103 2064 et
2151 1988 2430 2063 mentis
2474 1985 2863 2060 humanae
2913 1980 3327 2083 imaginem
3373 1980 3633 2085 potius
3681 1980 4095 2059 Krishnam
4149 1980 4262 2057 di-

1072 2122 1322 2207 xisses,
1373 2121 1436 2200 si
1483 2125 1697 2201 ullus
1749 2124 1834 2199 in
1884 2123 2265 2201 Indorum
2311 2121 2612 2228 placitis
2662 2141 2849 2198 esset
2897 2121 3066 2197 talis
3103 2119 3570 2198 discriminis
3603 2147 3809 2197 usus.
3908 2122 4260 2199 Scintilla

1072 2279 1185 2340 est
1234 2261 1542 2341 divinae
1594 2264 1898 2339 animae
1946 2263 2348 2339 universae
2396 2287 2619 2366 quae,
2670 2286 2990 2366 corpore
3040 2260 3387 2337 humano
3442 2261 3760 2351 inclusa,
3814 2257 4263 2338 individuae

1074 2402 1378 2479 animae
1425 2402 1751 2508 speciem
1817 2428 2006 2509 prae
2071 2428 2149 2479 se
2220 2403 2392 2478 sert.
2494 2402 2605 2478 Cf.
2671 2400 2967 2477 Colebr.
3040 2398 3138 2475 de
3185 2398 3522 2477 vedant.
3594 2400 3681 2475 iu
3744 2403 4041 2476 Transs.
4102 2404 4262 2477 Soc.

1074 2545 1189 2613 As.
1234 2537 1475 2613 Lond.
1528 2542 1623 2613 II.
1678 2547 1790 2615 23.
1845 2540 2213 2615 Krishnas
2262 2540 2526 2642 itaque
2577 2538 2803 2629 deus,
2870 2539 3215 2616 humana
3274 2540 3523 2645 specie
3587 2538 3950 2634 indutuS,
4009 2540 4261 2616 homi·

1080 2676 1312 2753 nibus
1360 2679 1804 2763 associatus,
1855 2698 2091 2783 atque
2141 2705 2413 2756 eorum
2461 2695 2553 2752 ut
2606 2674 2914 2751 videtur
2963 2701 3206 2764 unus,
3257 2700 3434 2750 vera
3484 2693 3596 2751 est
3645 2676 3894 2780 imago
3943 2676 4259 2762 mentis,

1076 2841 1278 2920 quae
1327 2815 1592 2892 eadem
1645 2817 1730 2894 in
1777 2818 1924 2895 hoc
1970 2818 2267 2895 mundo
2321 2817 2665 2893 humana
2715 2814 3024 2892 videtur
3072 2833 3150 2891 et
3208 2841 3572 2892 sensuum
3634 2833 3869 2921 atque
3931 2817 4263 2896 elemen-

1077 2974 1334 3032 torum
1388 2957 1689 3033 actione
1731 2960 2105 3061 agitatur,
2169 2961 2356 3037 licet
2417 2959 2737 3063 originis
2791 2959 2891 3035 sit
2952 2957 3262 3033 divinae
3325 2974 3404 3033 et
3476 2956 3565 3032 in
3637 2956 3934 3033 fontem
3993 2984 4262 3045 suum,

1068 3095 1287 3196 quasi
1325 3093 1413 3169 in
1457 3121 1831 3173 oceanum
1880 3117 2118 3200 gutta,
2174 3099 2408 3205 possit
2457 3098 2825 3201 recolligi.
2906 3099 3372 3175 Animamne
3420 3096 3673 3174 dicam
3706 3092 3998 3193 (W),
4049 3123 4265 3174 men·

1075 3249 1318 3305 temve
1363 3228 1583 3329 (²353),
1634 3259 1737 3308 an
1790 3230 2129 3338 denique
2176 3229 2543 3341 spiritu'm
2576 3263 2842 3314 rerum
2871 3238 3380 3314 animatorem
3412 3232 3605 3334 (ᾖε),
3652 3237 3926 3324 nescio,
3977 3237 4265 3315 doctri·-

1073 3396 1218 3448 nae
1249 3399 1488 3476 quam
1526 3393 1898 3478 sequutus
1938 3376 2038 3452 sit
2069 3373 2485 3481 Jayadevas
2531 3376 3104 3484 philosophicae
3145 3376 3405 3456 adhuc
3436 3379 3769 3483 ignarus.
3840 3378 3929 3457 Id
3963 3396 4264 3455 certum

1071 3527 1219 3602 est,
1275 3509 1717 3588 doctrinam
1769 3513 1933 3590 eius
1979 3541 2295 3620 prorsus
2327 3513 2763 3621 discrepare
2801 3543 2846 3592 a
2874 3516 3364 3622 Sankhyicis,
3409 3546 3752 3622 quorum
3785 3518 4045 3594 anima
4094 3518 4260 3623 pla-

1072 3673 1173 3726 ne
1223 3650 1492 3727 orbata
1540 3651 1641 3728 sit
1689 3653 2010 3729 actione.
2113 3652 2458 3758 Originis
2508 3654 2743 3732 huius
2793 3652 3102 3733 divinae
3150 3658 3307 3735 alte
3341 3656 3627 3734 insidet
3671 3658 3758 3733 iu
3802 3675 4063 3734 mente
4107 3680 4264 3732 me-

1072 3787 1351 3880 moria,
1395 3815 1596 3893 quae
1645 3789 1838 3867 dum
1887 3789 2312 3869 dormitare
2357 3792 2710 3887 videtur,
2775 3795 3055 3872 mundi
3108 3797 3683 3903 pulcritudine,
3752 3825 4017 3875 rerum
4075 3795 4263 3874 deli·

1073 3925 1250 4017 ciis,
1301 3952 1668 4005 sensuum
1712 3927 2176 4006 deliratione
2224 3931 2444 4035 quasi
2488 3934 2773 4039 sopita,
2847 3935 3246 4013 interdum
3297 3937 3881 4042 expergiscitur,
3931 3960 4089 4040 qua
4138 3962 4264 4012 ex-

1072 4066 1547 4171 pergefacta,
1591 4067 1858 4172 vigilat
1907 4094 2163 4160 mens,
2217 4069 2577 4149 desiderii
2621 4076 2893 4179 plena,
2946 4094 3039 4154 ut
3090 4074 3401 4152 dulcem
3454 4074 3827 4181 pristinae
3877 4074 4263 4152 condicio-

1074 4205 1194 4283 nis
1237 4208 1730 4286 serenitatem
1777 4230 2201 4316 recuperet.
2305 4213 2864 4292 Discriminare
2911 4235 3080 4292 tum
3125 4214 3409 4320 incipit
3441 4240 3658 4291 mens
3690 4232 3769 4292 et
3814 4214 4260 4320 perspicere,

1072 4371 1414 4424 amorem
1442 4401 1466 4437 ,
1515 4349 1657 4453 qui
1710 4348 1925 4426 cordi
1975 4350 2075 4428 sit
2125 4350 2434 4444 insitus,
2489 4353 2573 4429 in
2624 4379 2742 4430 res
2790 4380 3022 4430 vanas
3070 4369 3151 4428 et
3197 4351 3461 4429 futiles
3503 4350 3734 4429 fuisse
3765 4339 4260 4456 prod'actum3

1071 4503 1506 4590 pertaesum
1579 4507 1691 4567 est
1754 4515 1921 4565 eam
1989 4515 2255 4567 rerum
2311 4491 2756 4582 sensilium,
2826 4492 3318 4584 fallentium,
3395 4491 3870 4581 labentium;
3934 4487 4264 4593 defigere

1069 4624 1295 4728 cupit
1344 4655 1684 4706 amorem
1731 4629 1815 4707 in
1863 4657 1943 4706 re
1973 4684 1995 4718 ‚
2046 4657 2247 4736 quae
2287 4630 2583 4708 stabilis
2629 4632 2729 4707 sit
2775 4650 2856 4709 et
2902 4658 3161 4710 veram
3223 4651 3462 4736 atque
3526 4649 3915 4708 aeternam
3983 4654 4263 4735 suppe-

1072 4758 1269 4840 ditet
1316 4766 1811 4872 voluptatem.
1909 4770 2231 4873 Defigit,
2272 4788 2362 4847 ut
2414 4768 2781 4847 carminis
2823 4788 3004 4847 utar
3057 4771 3426 4876 imagine,
3476 4768 3847 4847 Krishnas
3897 4769 3982 4845 in
4033 4764 4262 4845 corde

1070 4924 1208 4977 suo
1236 4901 1603 4995 Radham,
1635 4923 2002 5010 tanquam
2031 4935 2192 4986 rem
2216 4937 2479 5001 unam,
2507 4935 2708 5013 quae
2732 4936 2907 4987 vere
2933 4911 3167 5017 possit
3196 4908 3592 4988 desideriis
3624 4908 3781 4987 suis
3809 4906 4256 4985 satisfacere.

1268 5041 1681 5124 Difficitior
1722 5064 1830 5123 est
1878 5049 2242 5151 quaestio,
2296 5050 2521 5128 cuius
2562 5050 2673 5128 rei
2728 5049 2977 5154 imago
3011 5051 3109 5129 sit
3131 5049 3419 5127 deha.
3486 5047 4072 5126 Consideremus
4098 5045 4263 5152 pri·
