4935 5819
1708 507 2218 599 Ermss'mnm
2283 532 2394 596 DE
2452 501 2725 596 PART.
2797 522 2921 602 ersi.
3345 494 3350 500 ’
3767 513 3931 597 107

758 770 963 843 orta,
1017 753 1242 828 cuius
1291 750 1486 827 ratio
1538 750 1728 828 baec
1772 775 1927 828 esse
1978 748 2308 832 videtur,
2359 767 2451 825 ut
2498 746 2693 852 yad‘i
2747 764 3134 823 mutatum
3175 745 3416 824 fuerit
3466 749 3553 827 in
3604 752 3825 843 rabi,
3880 755 3936 824 Ιι

757 895 1017 953 autem
1069 877 1232 980 lege
1279 873 1617 951 Zendica
1669 875 2064 952 transierit
2114 874 2197 950 in
2241 903 2304 947 z.
2376 871 2611 948 Haud
2656 872 2906 949 nescio
2946 874 3032 946 1ιί
3061 892 3213 949 esse
3251 874 3565 949 affixum
3602 875 3936 950 Sanseri—

758 1017 961 1082 tum,
1012 1026 1169 1104 quo
1219 999 1663 1079 formantur
1714 1017 2022 1104 praeter
2059 991 2241 1099 vaffi
2297 1017 2375 1073 et
2420 988 2613 1083 πΡὲ,
2661 996 2895 1072 etiam
2944 990 3083 1083 a&
3130 1015 3210 1074 et
3255 990 3430 1092 πΡὲς
3475 995 3607 1074 sed
3654 996 3938 1093 signifi·

754 1139 973 1198 catus
1018 1122 1089 1197 ei
1154 1139 1265 1200 est
1318 1122 1682 1228 temporis
1727 1139 1808 1200 et
1860 1122 1948 1198 in
1979 1126 2158 1226 yesi
2216 1118 2664 1197 Zendorum
2734 1121 3045 1197 nullum
3103 1140 3215 1198 est
3293 1146 3549 1225 neque
3611 1120 3938 1197 caninae

760 1243 1065 1321 litterae
1107 1245 1508 1347 vestigium
1562 1269 1705 1321 nec
1757 1244 2123 1350 temporis
2173 1240 2566 1320 indicatio.
2671 1240 3005 1319 Videtur
3054 1242 3317 1347 itaque
3367 1243 3625 1349 potius
3684 1262 3936 1319 muta·-

757 1366 865 1443 tio
910 1366 1212 1444 litterae
1259 1368 1332 1441 d‘
1380 1369 1463 1443 in
1518 1369 1608 1455 h,
1658 1385 1751 1443 ut
1800 1367 1882 1443 in
1925 1369 2041 1454 fin
2091 1392 2233 1470 pro
2279 1367 2428 1449 ῐῗιπ,
2488 1387 2586 1450 εἰ
2637 1390 2776 1467 pro
2826 1384 2972 1449 mn,
3014 1386 3086 1451 {r
3130 1392 3271 1468 pro
3317 1388 3417 1457 επ,
3472 1364 3624 1441 vid.
3668 1368 3933 1443 Roseu-

754 1491 840 1566 R.
896 1492 993 1566 V.
1028 1493 1149 1596 Sp.
1201 1519 1274 1596 p.
1331 1498 1446 1567 23.
1495 1491 1777 1569 usitata
1827 1488 2225 1567 interdum
2275 1487 2503 1563 fuisse
2551 1487 3166 1563 Zau-athustricis.

954 1617 1103 1689 Pro
1164 1613 1372 1715 yed‘z·
1435 1633 1515 1690 et
1560 1620 1739 1716 yesi
1795 1636 2342 1720 saepenumero
2409 1611 2734 1714 ponitur
2802 1635 2942 1715 per
2981 1609 3530 1687 Zendavestam
3581 1612 3786 1712 γαί,
3847 1629 3939 1685 ut

753 1761 864 1813 ex.
917 1763 1028 1840 gr.
1083 1738 1170 1812 in
1218 1738 1390 1815 loco
1437 1766 1482 1815 a
1531 1741 1993 1829 Bumvoumo,
2041 1736 2235 1815 Viro
2288 1734 2827 1819 celeberrimo,
2880 1736 3246 1819 excitato,
3310 1733 3620 1811 Observ.
3691 1761 3766 1837 p.
3817 1730 3937 1827 45.

755 1858 929 1960 yat'.
979 1859 1276 1935 nairika
1333 1858 1789 1950 nis.hadat’.‚
1862 1859 1925 1935 si
1995 1859 2281 1934 mulier
2344 1856 2618 1933 sedeat.
2676 1858 2818 1961 qui
2882 1883 3064 1933 usus
3125 1883 3387 1935 ansam
3449 1854 3646 1932 mihi
3722 1853 3940 1930 dedit

757 1980 1292 2077 coniecturae,
1338 2011 1578 2087 quam
1632 2010 1847 2059 nunc
1903 2008 2361 2088 proponam.

953 2105 1023 2181 5.
1125 2109 1472 2194 Constat,
1525 2108 2228 2212 frequentissimam
2266 2128 2419 2181 esse
2465 2123 2546 2182 et
2593 2130 2838 2211 paene
2883 2105 3124 2182 solam
3168 2102 3382 2209 apud
3442 2099 3674 2205 Indos
3736 2099 3941 2176 hanc

755 2226 1385 2305 correlativarum
1430 2231 2077 2305 enunciationum
2128 2231 2596 2317 iuncturam,
2648 2245 2741 2302 ut
2783 2228 3093 2302 relativa
3145 2227 3710 2330 praemittatur,
3760 2223 3939 2299 sub-

755 2368 1128 2453 sequatur
1173 2349 1793 2451 demonstrativa.
1896 2349 2010 2426 Cf.
2062 2376 2265 2453 quae
2307 2349 2483 2437 ,dixi
2549 2348 2649 2424 ad
2700 2351 2960 2453 Hitop.
3014 2376 3090 2451 p.
3146 2346 3265 2431 15.
3321 2349 3371 2422 l.
3437 2354 3546 2424 13.
3661 2347 3940 2422 Dicere

759 2470 1023 2573 itaque
1070 2470 1321 2547 solent
1370 2468 1586 2547 Indi:
1654 2490 1977 2567 azam(
2021 2493 2152 2568 ῑπτι
2200 2464 2305 2542 wi
2348 2474 2533 2556 mdiv
2569 2477 2701 2570 gui,
2756 2499 2914 2547 non
2962 2463 3102 2557 επᾶ,
3160 2489 3279 2558 aq
3332 2490 3513 2565 *am
3567 2490 3734 2563 ῖιπε,
3795 2490 3959 2564 ‘gaz

757 2593 902 2665 *Fet
939 2620 977 2663 ι.
1026 2614 1115 2690 a<
1155 2611 1437 2683 autem,
1489 2591 1681 2669 dum
1721 2613 2071 2671 remanet
2120 2621 2581 2699 pronomen,
2634 2594 2824 2670 duas
2874 2593 3283 2696 coniungit
3329 2591 3742 2668 sententias
3793 2590 3939 2679 ita,

753 2733 846 2790 ut
897 2715 1169 2792 relatio
1207 2715 1310 2792 sit
1357 2740 1500 2820 per
1549 2740 1980 2821 pronomen
2028 2716 2438 2795 relativum
2477 2719 2814 2796 notionis
2864 2716 3493 2794 determinativae
3542 2715 3642 2791 ad
3681 2714 3932 2791 notio-

754 2861 936 2915 nem
1008 2835 1407 2942 quandam
1481 2838 1570 2916 in
1648 2837 2198 2917 enunciatione
2270 2841 2690 2948 principali
2766 2840 3394 2948 comprehensam
3425 2896 3445 2930 ,
3524 2838 3933 2915 ambarum

756 2962 1402 3039 enunciationum
1451 2962 1605 3038 alia
1645 2980 1758 3038 est
1804 2960 2213 3038 correlatio
2283 2965 2544 3053 nulla;
2618 2983 2705 3041 ut
2755 2964 2840 3039 in
2912 2961 3309 3040 sententiis
3372 2987 3603 3067 supra
3668 2962 3936 3065 positis

752 3084 968 3160 notio
1003 3087 1297 3183 peracti
1342 3109 1393 3156 a
1439 3080 1686 3157 Rama
1727 3080 2063 3159 refertur
2108 3080 2210 3158 ad
2251 3084 2635 3161 actionem
2691 3104 3033 3176 tantum,
3088 3112 3252 3161 non
3302 3082 3400 3159 ad
3452 3084 3935 3160 enunciatio-

751 3230 931 3281 nem
969 3223 1229 3296 totam,
1276 3231 1479 3311 quae
1531 3204 1927 3311 praedicat
1976 3203 2075 3281 de
2119 3206 2458 3300 actione,
2508 3232 2680 3284 eam
2725 3233 2877 3283 esse
2920 3207 3340 3282 honestam.
3409 3207 3936 3283 Luculentum

751 3347 862 3403 est
913 3327 1149 3406 huius
1197 3330 1312 3406 rei
1355 3330 1799 3434 exemplum
1825 3330 2034 3404 Man.
2066 3327 2162 3417 X,
2201 3333 2374 3405 123:
2422 3351 2512 3428 οἶ
2540 3328 2856 3404 sensas-3
2901 3323 3047 3428 ςτξέῐ
3086 3349 3178 3428 az
3216 3351 3439 3401 aarum
3483 3332 3738 3401 tam·
3799 3330 3933 3404 Sin

751 3470 1012 3528 autem
1039 3449 1376 3528 duarum
1395 3470 1507 3529 est
1537 3448 2186 3528 enunciationum
2211 3449 2484 3528 relatio
2511 3470 2869 3539 totarum,
2890 3451 3152 3528 eadem
3182 3452 3506 3557 ponitur
3534 3453 3933 3546 iunctura3

749 3572 966 3676 quod
1017 3601 1270 3676 quum
1313 3575 1489 3659 fiat,
1539 3593 1628 3672 τε(
1675 3571 1933 3677 potius
1978 3590 2088 3647 est
2139 3573 2588 3651 coniunctio
2646 3575 2892 3678 quod,
2971 3593 3048 3650 et
3117 3574 3570 3651 relationem
3640 3571 3937 3649 indicat

752 3722 915 3774 non
968 3696 1203 3772 unius
1252 3696 1621 3784 notionis,
1666 3693 1802 3771 sed
1852 3695 2086 3771 totius
2132 3695 2723 3772 enunciationis.
2840 3696 3210 3799 Exemplo
3271 3694 3603 3770 docebo:
3670 3696 3933 3799 Hitop.

751 3847 825 3923 p.
888 3824 1007 3906 13,
1060 3820 1111 3894 l.
1171 3825 1283 3896 15.
1331 3811 1754 3915 πει-Μῆπιῆπ
1804 3837 1893 3917 a(
1936 3820 2234 3890 πτῐίειπιπῒ
2280 3822 2444 3914 tuci
2501 3811 2916 3905 ῆῖῑῆῆὲῐῒ
2954 3841 3004 3890 ²1
3046 3821 3227 3888 aaa·
3296 3816 3549 3921 ”quod
3602 3817 3752 3908 fiat}
3796 3842 3937 3924 per

750 3942 869 4020 sui
938 3941 1173 4047 ipsius
1230 3940 1714 4020 devotionem
1763 3941 2233 4017 conservatio
2282 3965 2715 4031 servorum,
2780 3939 3301 4045 prudentibus
3367 3942 3688 4018 minime
3760 3969 3938 4048 pro-

755 4063 1046 4140 batum«
1153 4063 1700 4170 Comprobatio
1748 4089 1952 4168 quae
2004 4064 2225 4140 nulla
2289 4088 2439 4139 esse
2492 4061 2781 4140 dicitur
2845 4062 3337 4167 praedicatur
3385 4093 3545 4143 non
3620 4063 3715 4141 de
3775 4066 3935 4143 sola

749 4211 1139 4264 servorum
1189 4188 1798 4280 conservatione,
1851 4185 1983 4263 sed
2030 4186 2128 4262 de
2181 4188 2349 4277 tali,
2399 4211 2602 4291 quae
2640 4186 3045 4264 factitetur
3108 4206 3344 4265 semet
3405 4188 3662 4291 ipsum
3713 4185 3935 4263 devo-

751 4303 1017 4383 vendo.
1084 4308 1217 4383 Est
1265 4309 1508 4412 igitur
1548 4325 1823 4383 mutua
1872 4309 2555 4396 enunciationum,
2604 4337 2765 4386 non
2811 4309 3297 4410 singularum
3335 4307 3769 4395 notionum,
3814 4333 3934 4383 re·

755 4429 959 4506 latio.
1062 4428 1317 4507 Huius
1361 4432 1471 4507 rei
1521 4430 2029 4507 clarissimum
2079 4448 2188 4507 est
2238 4433 2677 4537 exemplum
2721 4431 2856 4507 Bb.
2910 4433 3067 4509 Git.
3115 4437 3189 4522 1,
3237 4434 3358 4527 46.
3409 4433 3523 4515 σΓῑ
3566 4438 3638 4502 u'r
3679 4423 3934 4529 Ηῐῆῑτξῐ

619 4627 632 4642 ,
750 4545 1070 4648 ἷζε-[πθ
1116 4546 1301 4649 ἣππῆ·
1348 4547 1528 4646 Ἁὲῑι
1598 4557 1807 4633 Talis
1847 4575 2108 4634 autem
2157 4555 2802 4633 enunciationum
2849 4583 3100 4660 quum
3161 4556 3261 4633 sit
3309 4556 3395 4632 in
3448 4555 3933 4635 conditiona-

752 4671 958 4752 libus
1002 4676 1399 4753 sententiis
1448 4677 1764 4769 relatio,
1811 4698 2170 4786 apparet,
2217 4705 2457 4783 quam
2506 4697 2780 4786 aptum
2828 4681 2928 4756 sit
2977 4698 3350 4757 neutrum
3400 4681 3701 4758 relativi
3754 4709 3931 4789 pro-

751 4794 1133 4886 nominis,
1202 4798 1289 4876 in
1353 4801 1783 4904 particulae
1837 4821 2197 4879 naturam
2260 4818 2898 4892 transmutatum,
2963 4799 3065 4876 ad
3124 4800 3706 4907 exprimendam
3768 4829 3935 4880 eor·

745 4918 1243 5013 relationem,
1310 4949 1513 5026 quae
1585 4926 1793 5004 inter
1857 4925 2459 5003 conditionalem
2526 4924 2992 5001 sententiam
3073 4924 3500 5003 intercedat
3566 4944 3646 5002 et
3720 4949 3932 5014 eam,

747 5067 949 5147 quae
996 5071 1041 5121 a
1091 5043 1538 5127 conditione
1581 5046 1933 5156 pendeat.
2014 5051 2135 5127 Sic
2179 5048 2470 5126 factum
2524 5073 2674 5128 esse
2723 5073 2901 5125 reor
2944 5048 3030 5125 in
3078 5047 3347 5152 lingna
3371 5047 3728 5125 Zendica.
