4935 5819
1008 527 1177 612 128
2196 511 2430 606 Giv.
2488 513 2903 606 Govmna

675 766 980 834 Cant-13·
1198 767 1340 861 Ego
1390 770 1544 836 heic
1594 788 1846 847 moror,
1890 762 1999 832 vel
2052 760 2459 829 arundinum
2507 762 2800 828 nemoris
2851 761 3208 829 incuriosa.
3310 757 3413 825 Ne
3450 760 3846 851 cogitatione
3895 759 4175 853 quidem

922 876 983 939 9·
1001 890 1243 960 recolit
1292 916 1401 957 me
1451 888 2017 957 Madhusudanas.
2133 883 2315 971 Quid
2378 880 2672 976 perfugii
2733 880 3047 950 relictum
3108 900 3208 950 est
3272 882 3476 962 mihi,
3543 883 3794 948 amicae.
3864 907 4174 952 sermone

1002 1014 1379 1109 deceptae?

884 1147 978 1208 10.
1196 1135 1431 1215 Vatis,
1485 1135 1590 1200 cui
1644 1134 1767 1199 sub
1811 1129 2104 1226 pedibus
2156 1131 2352 1197 Haris
2413 1126 2747 1222 refugium
2815 1149 2956 1208 est,
3018 1125 3390 1220 Jayadevae
3454 1128 3682 1207 Musa,
3747 1127 3986 1196 molles
4048 1155 4175 1196 nu-

996 1281 1219 1325 meros
1268 1254 1641 1336 modulata,
1690 1254 1979 1321 insideat
2026 1254 2099 1319 in
2168 1250 2409 1334 corde,
2462 1251 2665 1318 veluti
2716 1250 2943 1344 puella
2989 1270 3219 1320 amata.
3321 1252 3469 1333 Quo
3548 1275 3902 1342 quaeram,
3956 1252 4173 1331 eheu,

998 1405 1182 1449 nunc
1231 1379 1594 1472 refugium,
1640 1378 1889 1444 amicae
1934 1397 2243 1441 sermone
2295 1371 2627 1466 decepta?

895 1504 988 1565 11.
1209 1503 1615 1596 Sequiturne
1665 1524 1846 1566 nunc
1897 1499 2177 1565 amicam
2230 1480 2624 1590 quandam?
2729 1492 3120 1561 detinentne
3186 1519 3339 1561 eum
3407 1496 3635 1577 amici,
3698 1495 4008 1564 iucundis
4071 1497 4175 1563 lu-

1008 1628 1191 1694 sibus
1245 1623 1505 1693 dediti?
1604 1640 2080 1716 pervagaturve
2131 1621 2440 1687 viciniam
2492 1614 2825 1697 silvarum,
2866 1619 3081 1684 noctis
3136 1616 3416 1709 caligine
3453 1618 3965 1711 cooperturam?
4014 1644 4177 1685 num

1003 1747 1289 1816 dilectus
1318 1799 1338 1830 ,
1392 1748 1610 1813 anima
1653 1744 1898 1825 lassus,
1949 1743 2157 1810 breve
2202 1745 2330 1808 iter
2380 1740 2712 1833 perficere
2765 1764 2901 1806 non
2952 1738 3193 1821 valuit,
3236 1739 3575 1832 siquidem
3619 1766 3971 1809 amoenum
4006 1742 4177 1808 cala-

1002 1893 1270 1937 morum
1318 1865 1828 1946 umbraculum,
1883 1862 2270 1955 congressui
2322 1858 2776 1955 designatum,
2828 1862 3133 1930 nondum
3185 1862 3349 1930 adiit
3368 1863 3437 1931 i'«

891 1995 988 2057 12.
1202 1991 1433 2060 Radha
1484 1992 1765 2057 amicam
1809 1990 1952 2055 sine
1996 1970 2327 2052 Madhava
2387 1981 2889 2064 adventantem,
2952 1986 3282 2052 moestitia
3345 1982 3651 2051 silentem
3721 1985 4177 2077 conspiciens,

1009 2116 1366 2196 amasium,
1418 2114 1769 2181 hominum
1810 2112 1976 2178 votis
2030 2108 2437 2201 expetitum,
2490 2104 2615 2171 alia
2664 2106 2893 2201 puella
2944 2106 3256 2175 allectum
3308 2125 3468 2188 rata,
3518 2108 3685 2175 haec
3737 2107 3937 2189 dixit,
3992 2110 4177 2199 quasi

1011 2256 1161 2304 ante
1208 2234 1438 2304 oculos
1492 2259 1647 2301 eum
1702 2235 1893 2299 tuita:

686 2354 996 2423 Cant.14.
1209 2356 1563 2423 ”Vestibus
1610 2352 1877 2433 induta,
1931 2351 2176 2445 quibus
2227 2349 2424 2417 decet
2475 2373 2771 2441 pugnam
2821 2351 3088 2419 Amoris
3138 2352 3348 2431 inire,
3413 2350 3755 2444 dispersos
3806 2351 4002 2419 flores
4054 2376 4179 2443 per

894 2462 990 2525 ¹3·
1011 2481 1345 2550 discussos
1399 2478 1676 2572 capillos
1728 2501 2007 2572 gerens,
2059 2474 2286 2568 puella
2336 2472 2708 2568 quaedam,
2759 2475 3109 2542 virtutibus
3162 2473 3436 2553 laetior,
3497 2475 3581 2540 ab
3630 2475 3822 2541 hoste
3866 2472 4181 2541 Madhuis

1011 2603 1399 2672 delectatur.

898 2722 989 2784 14.
1212 2726 1407 2793 Haris
1459 2721 1771 2816 amplexu
1822 2722 2150 2816 generatis
2200 2720 2442 2787 amoris
2489 2721 2746 2788 vicibus
2796 2720 3049 2803 fruens,
3103 2744 3305 2813 super
3341 2718 3745 2812 papillarum
3775 2721 3959 2787 urnis
3989 2722 4182 2788 unio-

1006 2873 1171 2915 num
1213 2848 1589 2940 strophium
1639 2846 1920 2938 agitans,
1990 2841 2218 2937 puella
2274 2841 2642 2937 quaedam,
2706 2845 3059 2913 virtutibus
3121 2844 3392 2925 laetior,
3458 2844 3571 2911 ab>
3614 2845 3810 2912 hoste
3865 2841 4178 2909 Madhuis

1005 2971 1396 3040 delectatur.

900 3100 996 3159 15.
1213 3097 1440 3162 Faciei
1504 3094 1732 3161 lunam
1786 3093 2114 3160 cincinnis
2170 3092 2853 3162 circumvolitantibus
2904 3090 3293 3159 nitefaciens
3315 3142 3336 3173 ,
3388 3093 3462 3157 in
3511 3090 3850 3183 voluptate
3899 3090 4192 3183 potionis

1021 3241 1102 3280 ex
1152 3217 1291 3280 eius
1342 3210 1536 3279 labiis
1585 3213 1997 3278 hauriendae
2050 3233 2342 3295 morata,
2411 3213 2640 3307 puella
2693 3214 3061 3307 quaedam,
3116 3214 3468 3283 virtutibus
3523 3211 3791 3294 laetior,
3853 3212 3937 3278 ab
4005 3213 4192 3279 hoste

1017 3334 1337 3401 Madhuis
1387 3334 1778 3401 delectatur.

908 3453 1001 3516 16.
1223 3457 1574 3522 Inauribus
1628 3456 1966 3522 concussis
2018 3478 2221 3547 genas
2283 3454 2569 3536 feriens,
2634 3453 2968 3524 femorum
3034 3456 3302 3550 cingulo
3378 3479 3776 3526 sonororum
3836 3458 4194 3549 agitatione

1021 3577 1333 3645 oscillans
1361 3628 1381 3659 ,
1432 3576 1660 3670 puella
1714 3576 2085 3671 quaedam,
2135 3579 2489 3645 virtutibus
2539 3575 2814 3662 laetior,
2867 3582 2950 3647 ab
3000 3582 3192 3650 hoste
3239 3581 3555 3649 Madhuis
3608 3578 3999 3647 delectatur.

894 3698 998 3761 17.
1216 3700 1446 3766 Risum
1497 3697 1763 3793 pudore
1816 3717 2232 3792 temperanS‚
2288 3724 2500 3792 quum
2547 3701 2844 3768 intuetur
2893 3705 3216 3786 amasius,
3245 3734 3249 3738 ·
3283 3703 3642 3796 voluptatis
3697 3721 3964 3770 cantum
4021 3700 4196 3768 mul-

1017 3825 1100 3890 tis
1138 3820 1356 3888 modis
1388 3846 1758 3904 susurrans,
1800 3820 2027 3913 puella
2057 3819 2412 3915 quaedam,
2452 3823 2805 3892 virtutibus
2832 3825 3088 3908 laetior,
3121 3826 3204 3892 ab
3231 3828 3424 3895 hoste
3452 3824 3770 3892 Madhuis
3805 3822 4192 3892 delectatur.

902 3938 1000 4006 18.
1217 3945 1391 4010 Tota
1444 3942 1702 4035 capillis
1756 3961 2013 4025 erecta,
2059 3943 2244 4035 large
2287 3944 2688 4039 suspirando
2743 3951 2936 4041 quasi
2984 3948 3231 4032 fracta,
3284 3950 3525 4042 spiritu
3571 3968 3638 4016 et
3676 3950 4036 4016 nictatione
4079 3971 4196 4014 vo-

1017 4064 1344 4158 luptatem
1392 4064 1615 4158 palam
1666 4063 1957 4145 faciens,
2012 4065 2343 4157 quaedam
2393 4067 2662 4161 puella,
2715 4071 3068 4137 virtutibus
3127 4070 3409 4152 laetior,
3475 4070 3558 4137 ab
3625 4072 3818 4139 hoste
3877 4068 4193 4137 Madhuis

1020 4186 1412 4256 delectatur.

904 4306 1003 4370 19.
1217 4312 1450 4381 Multis
1494 4311 1758 4381 sudoris
1813 4313 2012 4406 guttis
2066 4335 2311 4406 corpus
2354 4311 2756 4394 laetificans,
2805 4315 2878 4379 in
2928 4313 3148 4380 sinum
3198 4310 3529 4407 collapsa,
3593 4311 3755 4380 licet
3804 4332 4073 4382 strenua
4122 4312 4194 4376 in

1017 4433 1297 4528 proeliis
1349 4437 1639 4517 Amoris,
1684 4435 1913 4528 puella
1968 4426 2322 4528 quaedam,
2374 4437 2728 4504 virtutibus
2769 4435 3027 4518 laetior,
3077 4436 3162 4503 ab
3213 4438 3405 4504 hoste
3437 4433 3753 4502 Madhuis
3806 4432 4197 4500 delectatur.

902 4548 1001 4613 20·
1049 4555 1054 4559 ⁴
1217 4554 1615 4649 Voluptates
1668 4557 1862 4622 Haris
1890 4606 1909 4636 ,
1973 4582 2011 4622 a
2061 4557 2176 4649 pio
2237 4554 2570 4650 Jayadeva
2620 4556 3036 4651 descriptae,
3112 4558 3352 4627 sedent
3418 4558 3715 4625 illuviem
3763 4555 3948 4623 Kalis
4015 4555 4195 4637 aevi3

1024 4675 1355 4768 quaedam
1402 4678 1670 4770 puella,
1721 4678 2073 4745 virtutibus
2123 4677 2400 4762 laetior,
2472 4674 2556 4744 ab
2608 4681 2801 4749 hoste
2850 4681 3166 4750 Madhuis
3217 4679 3604 4749 delectatur.

905 4799 1006 4862 21.
1223 4800 1451 4880 Luna,
1498 4803 1684 4867 cuius
1735 4802 1916 4867 nitor
1958 4796 2254 4893 pallidus
2305 4818 2406 4868 est
2453 4819 2771 4894 tanquam
2827 4806 3204 4896 nymphaea
3252 4802 3470 4871 vultus
3522 4803 3882 4883 Krishnae,
3925 4825 4198 4893 separa·

1021 4924 1276 4992 tionem
1328 4920 1615 4988 dolentis
1643 4972 1663 5003 ,
1715 4921 1910 4992 valde
1962 4941 2198 5018 auget,
2250 4925 2424 4991 eheu
2446 4972 2470 5007 ,
2544 4926 2619 4992 in
2688 4924 2894 4995 corde
2960 4950 3112 4995 meo
3181 4927 3425 4995 amoris
3478 4925 3764 5006 febrim,
3834 4924 4196 4992 rationem·

1018 5069 1152 5141 que
1206 5045 1551 5126 obscurat,
1604 5043 1971 5112 auxiliatrix
2023 5045 2402 5140 Cupidinis.
