<?xml version="1.0" encoding="UTF-8"?>
<!DOCTYPE html PUBLIC "-//W3C//DTD XHTML 1.0 Transitional//EN"
    "http://www.w3.org/TR/xhtml1/DTD/xhtml1-transitional.dtd">
<html xmlns="http://www.w3.org/1999/xhtml" xml:lang="en" lang="en">
 <head>
  <title>
</title>
<meta http-equiv="Content-Type" content="text/html;charset=utf-8" />
  <meta name='ocr-system' content='tesseract 3.04.00' />
  <meta name='ocr-capabilities' content='ocr_page ocr_carea ocr_par ocr_line ocrx_word'/>
</head>
<body>
  <div class='ocr_page' id='page_1' title='image "./gitagovindajaya00lassgoog_0168.png"; bbox 0 0 4935 5819; ppageno 0'>
   <div class='ocr_carea' id='block_1_1' title="bbox 1006 479 2906 577">
    <p class='ocr_par' dir='ltr' id='par_1_1' title="bbox 1006 479 2906 577">
     <span class='ocr_line' id='line_1_1' title="bbox 1006 479 2906 577; baseline -0.003 -2"><span class='ocrx_word' id='word_1_1' title='bbox 1006 495 1043 575; x_wconf 86' lang='grc'>1</span> <span class='ocrx_word' id='word_1_2' title='bbox 1070 493 1177 577; x_wconf 75' lang='grc'><strong>16</strong></span> <span class='ocrx_word' id='word_1_3' title='bbox 2211 479 2448 573; x_wconf 73' lang='lat' dir='ltr'><strong>GiTA</strong></span> <span class='ocrx_word' id='word_1_4' title='bbox 2497 479 2906 574; x_wconf 76' lang='lat' dir='ltr'><strong>Govmm</strong></span> 
     </span>
    </p>
   </div>
   <div class='ocr_carea' id='block_1_2' title="bbox 717 720 4194 3880">
    <p class='ocr_par' dir='ltr' id='par_1_2' title="bbox 717 720 4167 935">
     <span class='ocr_line' id='line_1_2' title="bbox 717 720 4167 825; baseline -0.003 -29"><span class='ocrx_word' id='word_1_5' title='bbox 717 734 980 799; x_wconf 84' lang='lat' dir='ltr'><strong>Cant.3.</strong></span> <span class='ocrx_word' id='word_1_6' title='bbox 1002 752 1253 816; x_wconf 90' lang='lat' dir='ltr'><strong>tarum,</strong></span> <span class='ocrx_word' id='word_1_7' title='bbox 1303 732 1514 800; x_wconf 82' lang='lat' dir='ltr'><strong>Hares</strong></span> <span class='ocrx_word' id='word_1_8' title='bbox 1556 730 1710 800; x_wconf 85' lang='lat' dir='ltr'><strong>heic</strong></span> <span class='ocrx_word' id='word_1_9' title='bbox 1761 728 2124 825; x_wconf 75' lang='lat' dir='ltr'><strong>divagatur,</strong></span> <span class='ocrx_word' id='word_1_10' title='bbox 2175 725 2505 821; x_wconf 84' lang='lat' dir='ltr'><strong>saltatque</strong></span> <span class='ocrx_word' id='word_1_11' title='bbox 2555 751 2710 794; x_wconf 90' lang='lat' dir='ltr'><strong>cum</strong></span> <span class='ocrx_word' id='word_1_12' title='bbox 2759 721 3138 820; x_wconf 79' lang='lat' dir='ltr'><strong>puellarum</strong></span> <span class='ocrx_word' id='word_1_13' title='bbox 3180 740 3460 804; x_wconf 80' lang='lat' dir='ltr'><strong>caterva,</strong></span> <span class='ocrx_word' id='word_1_14' title='bbox 3510 743 3551 790; x_wconf 90' lang='lat' dir='ltr'><strong>o</strong></span> <span class='ocrx_word' id='word_1_15' title='bbox 3579 720 3811 800; x_wconf 86' lang='lat' dir='ltr'><strong>amica,</strong></span> <span class='ocrx_word' id='word_1_16' title='bbox 3864 738 4167 812; x_wconf 89' lang='lat' dir='ltr'><strong>tempore</strong></span> 
     </span>
     <span class='ocr_line' id='line_1_3' title="bbox 996 851 2453 935; baseline -0.003 -15"><span class='ocrx_word' id='word_1_17' title='bbox 996 853 1211 921; x_wconf 87' lang='lat' dir='ltr'><strong>hocce</strong></span> <span class='ocrx_word' id='word_1_18' title='bbox 1264 851 1656 935; x_wconf 85' lang='lat' dir='ltr'>amorifero,</span> <span class='ocrx_word' id='word_1_19' title='bbox 1709 851 1990 921; x_wconf 83' lang='lat' dir='ltr'><strong>desertis</strong></span> <span class='ocrx_word' id='word_1_20' title='bbox 2034 874 2453 919; x_wconf 86' lang='lat' dir='ltr'><strong>aerumnoso.</strong></span> 
     </span>
    </p>

    <p class='ocr_par' dir='ltr' id='par_1_3' title="bbox 880 966 4177 1557">
     <span class='ocr_line' id='line_1_4' title="bbox 880 966 4176 1067; baseline -0.003 -24"><span class='ocrx_word' id='word_1_21' title='bbox 880 971 980 1032; x_wconf 87' lang='lat'><strong>31·</strong></span> <span class='ocrx_word' id='word_1_22' title='bbox 1193 974 1425 1042; x_wconf 86' lang='lat' dir='ltr'><strong>Verno</strong></span> <span class='ocrx_word' id='word_1_23' title='bbox 1478 992 1823 1067; x_wconf 82' lang='lat' dir='ltr'><strong>tempore,</strong></span> <span class='ocrx_word' id='word_1_24' title='bbox 1877 999 2011 1067; x_wconf 89' lang='lat' dir='ltr'><strong>quo</strong></span> <span class='ocrx_word' id='word_1_25' title='bbox 2050 974 2297 1041; x_wconf 90' lang='lat' dir='ltr'><strong>teneris</strong></span> <span class='ocrx_word' id='word_1_26' title='bbox 2345 972 2636 1040; x_wconf 88' lang='lat' dir='ltr'><strong>Karunis</strong></span> <span class='ocrx_word' id='word_1_27' title='bbox 2693 968 3030 1038; x_wconf 87' lang='lat' dir='ltr'><strong>irridendi</strong></span> <span class='ocrx_word' id='word_1_28' title='bbox 3093 967 3390 1038; x_wconf 84' lang='lat' dir='ltr'><strong>studium</strong></span> <span class='ocrx_word' id='word_1_29' title='bbox 3452 984 3758 1036; x_wconf 89' lang='lat' dir='ltr'><strong>movetur</strong></span> <span class='ocrx_word' id='word_1_30' title='bbox 3822 966 3911 1034; x_wconf 90' lang='lat' dir='ltr'><strong>ob</strong></span> <span class='ocrx_word' id='word_1_31' title='bbox 3976 988 4176 1059; x_wconf 85' lang='lat' dir='ltr'><strong>aspe-</strong></span> 
     </span>
     <span class='ocr_line' id='line_1_5' title="bbox 1000 1090 4173 1191; baseline -0.003 -26"><span class='ocrx_word' id='word_1_32' title='bbox 1000 1113 1179 1165; x_wconf 86' lang='lat' dir='ltr'><strong>ctum</strong></span> <span class='ocrx_word' id='word_1_33' title='bbox 1230 1095 1582 1163; x_wconf 89' lang='lat' dir='ltr'><strong>hominum</strong></span> <span class='ocrx_word' id='word_1_34' title='bbox 1637 1094 2238 1189; x_wconf 90' lang='lat' dir='ltr'><strong>pudibundorum,</strong></span> <span class='ocrx_word' id='word_1_35' title='bbox 2301 1111 2535 1187; x_wconf 85' lang='lat' dir='ltr'><strong>utpote</strong></span> <span class='ocrx_word' id='word_1_36' title='bbox 2586 1092 3044 1186; x_wconf 85' lang='lat' dir='ltr'><strong>pulcritudine</strong></span> <span class='ocrx_word' id='word_1_37' title='bbox 3097 1090 3605 1175; x_wconf 82' lang='lat' dir='ltr'><strong>deficientium3</strong></span> <span class='ocrx_word' id='word_1_38' title='bbox 3675 1112 3813 1184; x_wconf 90' lang='lat' dir='ltr'><strong>quo</strong></span> <span class='ocrx_word' id='word_1_39' title='bbox 3863 1090 4173 1191; x_wconf 86' lang='lat' dir='ltr'><strong>regiones</strong></span> 
     </span>
     <span class='ocr_line' id='line_1_6' title="bbox 1000 1213 4177 1313; baseline -0.003 -24"><span class='ocrx_word' id='word_1_40' title='bbox 1000 1243 1230 1289; x_wconf 87' lang='lat' dir='ltr'><strong>omnes</strong></span> <span class='ocrx_word' id='word_1_41' title='bbox 1314 1218 1622 1287; x_wconf 83' lang='lat' dir='ltr'><strong>dentatae</strong></span> <span class='ocrx_word' id='word_1_42' title='bbox 1705 1220 1897 1313; x_wconf 83' lang='lat' dir='ltr'><strong>quasi</strong></span> <span class='ocrx_word' id='word_1_43' title='bbox 1987 1236 2142 1286; x_wconf 89' lang='lat' dir='ltr'><strong>sunt</strong></span> <span class='ocrx_word' id='word_1_44' title='bbox 2213 1215 2571 1285; x_wconf 78' lang='lat' dir='ltr'><strong>Ketakium</strong></span> <span class='ocrx_word' id='word_1_45' title='bbox 2647 1215 2926 1282; x_wconf 83' lang='lat' dir='ltr'><strong>floribus</strong></span> <span class='ocrx_word' id='word_1_46' title='bbox 2946 1266 2967 1297; x_wconf 94' lang='lat'><strong>,</strong></span> <span class='ocrx_word' id='word_1_47' title='bbox 3047 1216 3240 1310; x_wconf 87' lang='lat' dir='ltr'><strong>quasi</strong></span> <span class='ocrx_word' id='word_1_48' title='bbox 3302 1213 3738 1282; x_wconf 85' lang='lat' dir='ltr'><strong>mucronibus</strong></span> <span class='ocrx_word' id='word_1_49' title='bbox 3802 1213 4177 1304; x_wconf 86' lang='lat' dir='ltr'><strong>pugionum</strong></span> 
     </span>
     <span class='ocr_line' id='line_1_7' title="bbox 1006 1334 4175 1432; baseline -0.003 -22"><span class='ocrx_word' id='word_1_50' title='bbox 1006 1342 1353 1412; x_wconf 89' lang='lat' dir='ltr'><strong>destitutos</strong></span> <span class='ocrx_word' id='word_1_51' title='bbox 1395 1343 1822 1427; x_wconf 80' lang='lat' dir='ltr'><strong>ferientium3</strong></span> <span class='ocrx_word' id='word_1_52' title='bbox 1875 1344 2087 1409; x_wconf 82' lang='lat' dir='ltr'><strong>Hares</strong></span> <span class='ocrx_word' id='word_1_53' title='bbox 2137 1341 2292 1408; x_wconf 88' lang='lat' dir='ltr'><strong>heic</strong></span> <span class='ocrx_word' id='word_1_54' title='bbox 2344 1337 2721 1432; x_wconf 86' lang='lat' dir='ltr'><strong>divagatur,</strong></span> <span class='ocrx_word' id='word_1_55' title='bbox 2768 1337 3096 1432; x_wconf 85' lang='lat' dir='ltr'><strong>saltatque</strong></span> <span class='ocrx_word' id='word_1_56' title='bbox 3144 1361 3296 1406; x_wconf 89' lang='lat' dir='ltr'><strong>cum</strong></span> <span class='ocrx_word' id='word_1_57' title='bbox 3345 1334 3726 1430; x_wconf 88' lang='lat' dir='ltr'><strong>puellarum</strong></span> <span class='ocrx_word' id='word_1_58' title='bbox 3777 1352 4076 1416; x_wconf 86' lang='lat' dir='ltr'><strong>caterva,</strong></span> <span class='ocrx_word' id='word_1_59' title='bbox 4133 1356 4175 1401; x_wconf 93' lang='lat' dir='ltr'><strong>o</strong></span> 
     </span>
     <span class='ocr_line' id='line_1_8' title="bbox 1008 1459 3124 1557; baseline -0.004 -23"><span class='ocrx_word' id='word_1_60' title='bbox 1008 1469 1219 1534; x_wconf 86' lang='lat' dir='ltr'><strong>amica</strong></span> <span class='ocrx_word' id='word_1_61' title='bbox 1242 1518 1262 1548; x_wconf 91' lang='lat'><strong>,</strong></span> <span class='ocrx_word' id='word_1_62' title='bbox 1312 1484 1618 1557; x_wconf 90' lang='lat' dir='ltr'><strong>tempore</strong></span> <span class='ocrx_word' id='word_1_63' title='bbox 1664 1464 1875 1531; x_wconf 86' lang='lat' dir='ltr'><strong>hocce</strong></span> <span class='ocrx_word' id='word_1_64' title='bbox 1922 1462 2320 1543; x_wconf 83' lang='lat' dir='ltr'><strong>amorifero,</strong></span> <span class='ocrx_word' id='word_1_65' title='bbox 2373 1459 2655 1527; x_wconf 83' lang='lat' dir='ltr'><strong>desertis</strong></span> <span class='ocrx_word' id='word_1_66' title='bbox 2708 1483 3124 1529; x_wconf 89' lang='lat' dir='ltr'><strong>aerumnoso.</strong></span> 
     </span>
    </p>

    <p class='ocr_par' dir='ltr' id='par_1_4' title="bbox 891 1575 4182 2047">
     <span class='ocr_line' id='line_1_9' title="bbox 891 1575 4177 1680; baseline -0.004 -22"><span class='ocrx_word' id='word_1_67' title='bbox 891 1588 991 1650; x_wconf 75' lang='lat'><strong>32·</strong></span> <span class='ocrx_word' id='word_1_68' title='bbox 1205 1589 1438 1657; x_wconf 86' lang='lat' dir='ltr'><strong>Verno</strong></span> <span class='ocrx_word' id='word_1_69' title='bbox 1485 1588 1617 1654; x_wconf 86' lang='lat' dir='ltr'><strong>hoc</strong></span> <span class='ocrx_word' id='word_1_70' title='bbox 1671 1605 2016 1680; x_wconf 87' lang='lat' dir='ltr'><strong>tempore,</strong></span> <span class='ocrx_word' id='word_1_71' title='bbox 2066 1582 2620 1653; x_wconf 70' lang='lat' dir='ltr'><strong>Madhavikarum</strong></span> <span class='ocrx_word' id='word_1_72' title='bbox 2672 1582 3119 1651; x_wconf 87' lang='lat' dir='ltr'><strong>suaveolentia</strong></span> <span class='ocrx_word' id='word_1_73' title='bbox 3149 1579 3552 1661; x_wconf 83' lang='lat' dir='ltr'><strong>exhilarato,</strong></span> <span class='ocrx_word' id='word_1_74' title='bbox 3601 1577 3883 1647; x_wconf 82' lang='lat' dir='ltr'><strong>novellis</strong></span> <span class='ocrx_word' id='word_1_75' title='bbox 3910 1575 4177 1645; x_wconf 71' lang='lat' dir='ltr'><strong>Malikis</strong></span> 
     </span>
     <span class='ocr_line' id='line_1_10' title="bbox 1004 1699 4176 1791; baseline -0.004 -13"><span class='ocrx_word' id='word_1_76' title='bbox 1004 1710 1389 1778; x_wconf 86' lang='lat' dir='ltr'><strong>dulcissime</strong></span> <span class='ocrx_word' id='word_1_77' title='bbox 1440 1707 1719 1779; x_wconf 89' lang='lat' dir='ltr'><strong>odorato</strong></span> <span class='ocrx_word' id='word_1_78' title='bbox 1744 1760 1765 1791; x_wconf 98' lang='lat'><strong>,</strong></span> <span class='ocrx_word' id='word_1_79' title='bbox 1833 1708 1940 1777; x_wconf 90' lang='lat' dir='ltr'><strong>vel</strong></span> <span class='ocrx_word' id='word_1_80' title='bbox 2004 1712 2258 1777; x_wconf 88' lang='lat' dir='ltr'><strong>animos</strong></span> <span class='ocrx_word' id='word_1_81' title='bbox 2324 1706 2876 1773; x_wconf 87' lang='lat' dir='ltr'><strong>anachoretarum</strong></span> <span class='ocrx_word' id='word_1_82' title='bbox 2941 1704 3306 1772; x_wconf 82' lang='lat' dir='ltr'><strong>fascinante</strong></span> <span class='ocrx_word' id='word_1_83' title='bbox 3328 1753 3348 1786; x_wconf 95' lang='lat'><strong>,</strong></span> <span class='ocrx_word' id='word_1_84' title='bbox 3407 1722 3798 1771; x_wconf 90' lang='lat' dir='ltr'><strong>tenerorum</strong></span> <span class='ocrx_word' id='word_1_85' title='bbox 3873 1699 4176 1768; x_wconf 91' lang='lat' dir='ltr'><strong>adiutore</strong></span> 
     </span>
     <span class='ocr_line' id='line_1_11' title="bbox 999 1825 4182 1925; baseline -0.003 -26"><span class='ocrx_word' id='word_1_86' title='bbox 999 1835 1388 1925; x_wconf 88' lang='lat' dir='ltr'><strong>inopinato,</strong></span> <span class='ocrx_word' id='word_1_87' title='bbox 1438 1833 1649 1899; x_wconf 85' lang='lat' dir='ltr'><strong>Hares</strong></span> <span class='ocrx_word' id='word_1_88' title='bbox 1702 1833 1855 1899; x_wconf 90' lang='lat' dir='ltr'><strong>heic</strong></span> <span class='ocrx_word' id='word_1_89' title='bbox 1909 1831 2283 1925; x_wconf 79' lang='lat' dir='ltr'><strong>divagatur,</strong></span> <span class='ocrx_word' id='word_1_90' title='bbox 2329 1829 2656 1922; x_wconf 87' lang='lat' dir='ltr'><strong>saltatque</strong></span> <span class='ocrx_word' id='word_1_91' title='bbox 2708 1851 2861 1895; x_wconf 86' lang='lat' dir='ltr'><strong>eum</strong></span> <span class='ocrx_word' id='word_1_92' title='bbox 2902 1826 3284 1921; x_wconf 88' lang='lat' dir='ltr'><strong>puellarum</strong></span> <span class='ocrx_word' id='word_1_93' title='bbox 3319 1844 3615 1907; x_wconf 88' lang='lat' dir='ltr'><strong>caterva,</strong></span> <span class='ocrx_word' id='word_1_94' title='bbox 3667 1849 3707 1893; x_wconf 93' lang='lat' dir='ltr'><strong>o</strong></span> <span class='ocrx_word' id='word_1_95' title='bbox 3737 1825 3970 1906; x_wconf 83' lang='lat' dir='ltr'><strong>amica,</strong></span> <span class='ocrx_word' id='word_1_96' title='bbox 4010 1842 4182 1890; x_wconf 86' lang='lat' dir='ltr'><strong>tem-</strong></span> 
     </span>
     <span class='ocr_line' id='line_1_12' title="bbox 1002 1954 2675 2047; baseline -0.004 -24"><span class='ocrx_word' id='word_1_97' title='bbox 1002 1978 1174 2047; x_wconf 89' lang='lat' dir='ltr'><strong>pore</strong></span> <span class='ocrx_word' id='word_1_98' title='bbox 1216 1956 1432 2024; x_wconf 89' lang='lat' dir='ltr'><strong>hocce</strong></span> <span class='ocrx_word' id='word_1_99' title='bbox 1483 1954 1876 2038; x_wconf 86' lang='lat' dir='ltr'><strong>amorifero,</strong></span> <span class='ocrx_word' id='word_1_100' title='bbox 1928 1954 2209 2022; x_wconf 89' lang='lat' dir='ltr'><strong>desertis</strong></span> <span class='ocrx_word' id='word_1_101' title='bbox 2256 1976 2675 2020; x_wconf 89' lang='lat' dir='ltr'><strong>aerumnoso.</strong></span> 
     </span>
    </p>

    <p class='ocr_par' dir='ltr' id='par_1_5' title="bbox 887 2069 4185 2537">
     <span class='ocr_line' id='line_1_13' title="bbox 887 2069 4185 2169; baseline -0.002 -28"><span class='ocrx_word' id='word_1_102' title='bbox 887 2079 988 2143; x_wconf 84' lang='lat'><strong>33.</strong></span> <span class='ocrx_word' id='word_1_103' title='bbox 1204 2078 1436 2144; x_wconf 88' lang='lat' dir='ltr'><strong>Verno</strong></span> <span class='ocrx_word' id='word_1_104' title='bbox 1490 2094 1838 2169; x_wconf 86' lang='lat' dir='ltr'><strong>tempore,</strong></span> <span class='ocrx_word' id='word_1_105' title='bbox 1892 2099 2027 2167; x_wconf 85' lang='lat' dir='ltr'><strong>quo</strong></span> <span class='ocrx_word' id='word_1_106' title='bbox 2079 2074 2493 2167; x_wconf 85' lang='lat' dir='ltr'><strong>Mangiferae</strong></span> <span class='ocrx_word' id='word_1_107' title='bbox 2538 2092 2956 2168; x_wconf 88' lang='lat' dir='ltr'><strong>gemmantur</strong></span> <span class='ocrx_word' id='word_1_108' title='bbox 3007 2092 3073 2141; x_wconf 91' lang='lat' dir='ltr'><strong>et</strong></span> <span class='ocrx_word' id='word_1_109' title='bbox 3130 2075 3476 2166; x_wconf 87' lang='lat' dir='ltr'><strong>eriguntur</strong></span> <span class='ocrx_word' id='word_1_110' title='bbox 3541 2070 3852 2165; x_wconf 80' lang='lat' dir='ltr'><strong>amplexu</strong></span> <span class='ocrx_word' id='word_1_111' title='bbox 3912 2069 4185 2136; x_wconf 88' lang='lat' dir='ltr'><strong>viticum</strong></span> 
     </span>
     <span class='ocr_line' id='line_1_14' title="bbox 1006 2195 4182 2292; baseline -0.003 -25"><span class='ocrx_word' id='word_1_112' title='bbox 1006 2197 1500 2267; x_wconf 88' lang='lat' dir='ltr'><strong>Atimuktarum</strong></span> <span class='ocrx_word' id='word_1_113' title='bbox 1546 2200 2018 2292; x_wconf 88' lang='lat' dir='ltr'><strong>crispantium,</strong></span> <span class='ocrx_word' id='word_1_114' title='bbox 2069 2222 2197 2290; x_wconf 87' lang='lat' dir='ltr'><strong>per</strong></span> <span class='ocrx_word' id='word_1_115' title='bbox 2249 2222 2527 2265; x_wconf 89' lang='lat' dir='ltr'><strong>nemora</strong></span> <span class='ocrx_word' id='word_1_116' title='bbox 2573 2195 3075 2279; x_wconf 67' lang='lat' dir='ltr'><strong>Vrindiivanae,</strong></span> <span class='ocrx_word' id='word_1_117' title='bbox 3118 2196 3318 2264; x_wconf 89' lang='lat' dir='ltr'><strong>undis</strong></span> <span class='ocrx_word' id='word_1_118' title='bbox 3361 2198 3699 2263; x_wconf 87' lang='lat' dir='ltr'><strong>Yamunae</strong></span> <span class='ocrx_word' id='word_1_119' title='bbox 3737 2195 3985 2261; x_wconf 85' lang='lat' dir='ltr'><strong>vicinas</strong></span> <span class='ocrx_word' id='word_1_120' title='bbox 4033 2216 4182 2259; x_wconf 87' lang='lat' dir='ltr'><strong>oras</strong></span> 
     </span>
     <span class='ocr_line' id='line_1_15' title="bbox 1010 2314 4183 2410; baseline -0.003 -23"><span class='ocrx_word' id='word_1_121' title='bbox 1010 2322 1715 2387; x_wconf 87' lang='lat' dir='ltr'><strong>circumambientibus</strong></span> <span class='ocrx_word' id='word_1_122' title='bbox 1768 2319 2064 2401; x_wconf 90' lang='lat' dir='ltr'><strong>lustrata,</strong></span> <span class='ocrx_word' id='word_1_123' title='bbox 2109 2320 2320 2386; x_wconf 86' lang='lat' dir='ltr'><strong>Hares</strong></span> <span class='ocrx_word' id='word_1_124' title='bbox 2374 2318 2753 2409; x_wconf 85' lang='lat' dir='ltr'><strong>divagatur,</strong></span> <span class='ocrx_word' id='word_1_125' title='bbox 2799 2317 3125 2410; x_wconf 88' lang='lat' dir='ltr'><strong>saltatque</strong></span> <span class='ocrx_word' id='word_1_126' title='bbox 3173 2342 3324 2383; x_wconf 88' lang='lat' dir='ltr'><strong>cum</strong></span> <span class='ocrx_word' id='word_1_127' title='bbox 3369 2314 3747 2408; x_wconf 91' lang='lat' dir='ltr'><strong>puellarum</strong></span> <span class='ocrx_word' id='word_1_128' title='bbox 3798 2333 4056 2381; x_wconf 82' lang='lat' dir='ltr'><strong>caterva</strong></span> <span class='ocrx_word' id='word_1_129' title='bbox 4071 2364 4091 2394; x_wconf 91' lang='lat'><strong>,</strong></span> <span class='ocrx_word' id='word_1_130' title='bbox 4145 2338 4183 2379; x_wconf 94' lang='lat' dir='ltr'><strong>o</strong></span> 
     </span>
     <span class='ocr_line' id='line_1_16' title="bbox 1011 2440 3134 2537; baseline -0.003 -26"><span class='ocrx_word' id='word_1_131' title='bbox 1011 2447 1267 2525; x_wconf 89' lang='lat' dir='ltr'><strong>amica,</strong></span> <span class='ocrx_word' id='word_1_132' title='bbox 1320 2462 1627 2537; x_wconf 90' lang='lat' dir='ltr'><strong>tempore</strong></span> <span class='ocrx_word' id='word_1_133' title='bbox 1672 2444 1887 2510; x_wconf 88' lang='lat' dir='ltr'><strong>hocce</strong></span> <span class='ocrx_word' id='word_1_134' title='bbox 1938 2442 2336 2523; x_wconf 84' lang='lat' dir='ltr'><strong>amorifero,</strong></span> <span class='ocrx_word' id='word_1_135' title='bbox 2383 2440 2664 2507; x_wconf 86' lang='lat' dir='ltr'><strong>desertis</strong></span> <span class='ocrx_word' id='word_1_136' title='bbox 2720 2462 3134 2506; x_wconf 84' lang='lat' dir='ltr'><strong>aerumnoso.</strong></span> 
     </span>
    </p>

    <p class='ocr_par' dir='ltr' id='par_1_6' title="bbox 883 2561 4186 3023">
     <span class='ocr_line' id='line_1_17' title="bbox 883 2561 4186 2658; baseline -0.003 -24"><span class='ocrx_word' id='word_1_137' title='bbox 883 2572 990 2635; x_wconf 72' lang='lat'><strong>34.</strong></span> <span class='ocrx_word' id='word_1_138' title='bbox 1205 2568 1589 2658; x_wconf 85' lang='lat' dir='ltr'><strong>Exsurgunt</strong></span> <span class='ocrx_word' id='word_1_139' title='bbox 1628 2567 1726 2658; x_wconf 91' lang='lat' dir='ltr'><strong>pii</strong></span> <span class='ocrx_word' id='word_1_140' title='bbox 1774 2564 2147 2658; x_wconf 77' lang='lat' dir='ltr'><strong>Jayadevae</strong></span> <span class='ocrx_word' id='word_1_141' title='bbox 2198 2590 2425 2633; x_wconf 89' lang='lat' dir='ltr'><strong>versus</strong></span> <span class='ocrx_word' id='word_1_142' title='bbox 2441 2614 2459 2644; x_wconf 92' lang='lat'><strong>,</strong></span> <span class='ocrx_word' id='word_1_143' title='bbox 2513 2564 2709 2629; x_wconf 89' lang='lat' dir='ltr'><strong>Haris</strong></span> <span class='ocrx_word' id='word_1_144' title='bbox 2758 2561 3230 2629; x_wconf 90' lang='lat' dir='ltr'><strong>recordatione</strong></span> <span class='ocrx_word' id='word_1_145' title='bbox 3285 2563 3558 2629; x_wconf 87' lang='lat' dir='ltr'><strong>omnino</strong></span> <span class='ocrx_word' id='word_1_146' title='bbox 3605 2561 3875 2643; x_wconf 88' lang='lat' dir='ltr'><strong>referti,</strong></span> <span class='ocrx_word' id='word_1_147' title='bbox 3942 2561 4186 2628; x_wconf 89' lang='lat' dir='ltr'><strong>amori-</strong></span> 
     </span>
     <span class='ocr_line' id='line_1_18' title="bbox 1005 2680 4179 2776; baseline 0 -28"><span class='ocrx_word' id='word_1_148' title='bbox 1005 2684 1135 2751; x_wconf 83' lang='lat' dir='ltr'><strong>feri</strong></span> <span class='ocrx_word' id='word_1_149' title='bbox 1186 2686 1358 2751; x_wconf 89' lang='lat' dir='ltr'><strong>veris</strong></span> <span class='ocrx_word' id='word_1_150' title='bbox 1408 2702 1714 2775; x_wconf 89' lang='lat' dir='ltr'><strong>tempore</strong></span> <span class='ocrx_word' id='word_1_151' title='bbox 1767 2709 1938 2776; x_wconf 85' lang='lat' dir='ltr'><strong>quae</strong></span> <span class='ocrx_word' id='word_1_152' title='bbox 1990 2686 2075 2751; x_wconf 89' lang='lat' dir='ltr'><strong>sit</strong></span> <span class='ocrx_word' id='word_1_153' title='bbox 2122 2683 2323 2751; x_wconf 87' lang='lat' dir='ltr'><strong>silvae</strong></span> <span class='ocrx_word' id='word_1_154' title='bbox 2371 2680 2691 2765; x_wconf 79' lang='lat' dir='ltr'><strong>hilaritaS‚</strong></span> <span class='ocrx_word' id='word_1_155' title='bbox 2745 2682 3219 2763; x_wconf 75' lang='lat' dir='ltr'><strong>describenteS,</strong></span> <span class='ocrx_word' id='word_1_156' title='bbox 3272 2684 3650 2775; x_wconf 87' lang='lat' dir='ltr'><strong>amorisque</strong></span> <span class='ocrx_word' id='word_1_157' title='bbox 3693 2682 4179 2751; x_wconf 83' lang='lat' dir='ltr'><strong>vicissitudines</strong></span> 
     </span>
     <span class='ocr_line' id='line_1_19' title="bbox 1003 2803 4179 2900; baseline -0.001 -28"><span class='ocrx_word' id='word_1_158' title='bbox 1003 2824 1521 2900; x_wconf 85' lang='lat' dir='ltr'><strong>persequentes;</strong></span> <span class='ocrx_word' id='word_1_159' title='bbox 1573 2805 1929 2874; x_wconf 86' lang='lat' dir='ltr'><strong>amorifero</strong></span> <span class='ocrx_word' id='word_1_160' title='bbox 1980 2807 2112 2874; x_wconf 85' lang='lat' dir='ltr'><strong>hoc</strong></span> <span class='ocrx_word' id='word_1_161' title='bbox 2165 2825 2471 2898; x_wconf 87' lang='lat' dir='ltr'><strong>tempore</strong></span> <span class='ocrx_word' id='word_1_162' title='bbox 2522 2829 2729 2873; x_wconf 91' lang='lat' dir='ltr'><strong>verno</strong></span> <span class='ocrx_word' id='word_1_163' title='bbox 2785 2803 3113 2871; x_wconf 88' lang='lat' dir='ltr'><strong>destitutis</strong></span> <span class='ocrx_word' id='word_1_164' title='bbox 3165 2828 3597 2887; x_wconf 87' lang='lat' dir='ltr'><strong>aerumnoso,</strong></span> <span class='ocrx_word' id='word_1_165' title='bbox 3652 2804 3994 2897; x_wconf 84' lang='lat' dir='ltr'><strong>divagatur</strong></span> <span class='ocrx_word' id='word_1_166' title='bbox 4043 2806 4179 2873; x_wconf 88' lang='lat' dir='ltr'><strong>Ha-</strong></span> 
     </span>
     <span class='ocr_line' id='line_1_20' title="bbox 1001 2926 2893 3023; baseline 0.001 -30"><span class='ocrx_word' id='word_1_167' title='bbox 1001 2951 1112 3000; x_wconf 85' lang='lat' dir='ltr'><strong>res</strong></span> <span class='ocrx_word' id='word_1_168' title='bbox 1139 2977 1161 3010; x_wconf 89' lang='lat'><strong>,</strong></span> <span class='ocrx_word' id='word_1_169' title='bbox 1212 2926 1538 3020; x_wconf 84' lang='lat' dir='ltr'><strong>saltatque</strong></span> <span class='ocrx_word' id='word_1_170' title='bbox 1594 2954 1749 2996; x_wconf 88' lang='lat' dir='ltr'><strong>cum</strong></span> <span class='ocrx_word' id='word_1_171' title='bbox 1792 2947 2052 2997; x_wconf 89' lang='lat' dir='ltr'><strong>caterva</strong></span> <span class='ocrx_word' id='word_1_172' title='bbox 2102 2927 2520 3023; x_wconf 88' lang='lat' dir='ltr'><strong>puellarum,</strong></span> <span class='ocrx_word' id='word_1_173' title='bbox 2577 2954 2615 2997; x_wconf 95' lang='lat' dir='ltr'><strong>o</strong></span> <span class='ocrx_word' id='word_1_174' title='bbox 2663 2930 2893 2996; x_wconf 87' lang='lat' dir='ltr'><strong>amica.</strong></span> 
     </span>
    </p>

    <p class='ocr_par' dir='ltr' id='par_1_7' title="bbox 895 3050 4191 3484">
     <span class='ocr_line' id='line_1_21' title="bbox 895 3050 4187 3134; baseline 0.002 -20"><span class='ocrx_word' id='word_1_175' title='bbox 895 3064 993 3128; x_wconf 80' lang='lat'><strong>35,</strong></span> <span class='ocrx_word' id='word_1_176' title='bbox 1214 3051 1511 3134; x_wconf 91' lang='lat' dir='ltr'><strong>Ventus,</strong></span> <span class='ocrx_word' id='word_1_177' title='bbox 1584 3051 1872 3119; x_wconf 90' lang='lat' dir='ltr'><strong>odorum</strong></span> <span class='ocrx_word' id='word_1_178' title='bbox 1922 3050 2281 3133; x_wconf 89' lang='lat' dir='ltr'><strong>advector,</strong></span> <span class='ocrx_word' id='word_1_179' title='bbox 2348 3051 2706 3119; x_wconf 84' lang='lat' dir='ltr'><strong>Ketakium</strong></span> <span class='ocrx_word' id='word_1_180' title='bbox 2772 3050 3257 3120; x_wconf 89' lang='lat' dir='ltr'><strong>suaveolentiae</strong></span> <span class='ocrx_word' id='word_1_181' title='bbox 3321 3051 3580 3133; x_wconf 90' lang='lat' dir='ltr'><strong>socius,</strong></span> <span class='ocrx_word' id='word_1_182' title='bbox 3646 3050 3835 3119; x_wconf 85' lang='lat' dir='ltr'><strong>lucos</strong></span> <span class='ocrx_word' id='word_1_183' title='bbox 3896 3052 4187 3120; x_wconf 88' lang='lat' dir='ltr'><strong>odorans</strong></span> 
     </span>
     <span class='ocr_line' id='line_1_22' title="bbox 1013 3170 4191 3270; baseline 0.001 -32"><span class='ocrx_word' id='word_1_184' title='bbox 1013 3172 1399 3264; x_wconf 87' lang='lat' dir='ltr'><strong>spargendo</strong></span> <span class='ocrx_word' id='word_1_185' title='bbox 1448 3172 1851 3264; x_wconf 87' lang='lat' dir='ltr'><strong>fragrantem</strong></span> <span class='ocrx_word' id='word_1_186' title='bbox 1893 3170 2241 3263; x_wconf 88' lang='lat' dir='ltr'><strong>pulverem</strong></span> <span class='ocrx_word' id='word_1_187' title='bbox 2290 3172 2658 3264; x_wconf 88' lang='lat' dir='ltr'><strong>pollinum,</strong></span> <span class='ocrx_word' id='word_1_188' title='bbox 2707 3175 2780 3241; x_wconf 88' lang='lat' dir='ltr'><strong>in</strong></span> <span class='ocrx_word' id='word_1_189' title='bbox 2829 3176 3204 3270; x_wconf 88' lang='lat' dir='ltr'><strong>paullisper</strong></span> <span class='ocrx_word' id='word_1_190' title='bbox 3230 3178 3654 3245; x_wconf 88' lang='lat' dir='ltr'><strong>oscitantium</strong></span> <span class='ocrx_word' id='word_1_191' title='bbox 3684 3175 3993 3243; x_wconf 88' lang='lat' dir='ltr'><strong>Mallium</strong></span> <span class='ocrx_word' id='word_1_192' title='bbox 4042 3176 4191 3243; x_wconf 88' lang='lat' dir='ltr'><strong>viti-</strong></span> 
     </span>
     <span class='ocr_line' id='line_1_23' title="bbox 1016 3293 4191 3391; baseline 0.001 -32"><span class='ocrx_word' id='word_1_193' title='bbox 1016 3294 1208 3361; x_wconf 87' lang='lat' dir='ltr'><strong>cibus</strong></span> <span class='ocrx_word' id='word_1_194' title='bbox 1273 3293 1752 3376; x_wconf 89' lang='lat' dir='ltr'><strong>tremulorum,</strong></span> <span class='ocrx_word' id='word_1_195' title='bbox 1822 3295 1959 3361; x_wconf 90' lang='lat' dir='ltr'><strong>urit</strong></span> <span class='ocrx_word' id='word_1_196' title='bbox 2014 3318 2198 3361; x_wconf 89' lang='lat' dir='ltr'><strong>nunc</strong></span> <span class='ocrx_word' id='word_1_197' title='bbox 2255 3311 2591 3376; x_wconf 90' lang='lat' dir='ltr'><strong>mentem,</strong></span> <span class='ocrx_word' id='word_1_198' title='bbox 2668 3298 2863 3364; x_wconf 87' lang='lat' dir='ltr'><strong>sicuti</strong></span> <span class='ocrx_word' id='word_1_199' title='bbox 2927 3299 3175 3365; x_wconf 88' lang='lat' dir='ltr'><strong>afflatus</strong></span> <span class='ocrx_word' id='word_1_200' title='bbox 3247 3300 3629 3391; x_wconf 87' lang='lat' dir='ltr'><strong>sagittarum</strong></span> <span class='ocrx_word' id='word_1_201' title='bbox 3690 3300 3957 3367; x_wconf 87' lang='lat' dir='ltr'><strong>Am0ris</strong></span> <span class='ocrx_word' id='word_1_202' title='bbox 4022 3296 4191 3365; x_wconf 87' lang='lat' dir='ltr'><strong>voli-</strong></span> 
     </span>
     <span class='ocr_line' id='line_1_24' title="bbox 1014 3434 1314 3484; baseline -0.003 0"><span class='ocrx_word' id='word_1_203' title='bbox 1014 3434 1314 3484; x_wconf 84' lang='lat' dir='ltr'><strong>tantmm.</strong></span> 
     </span>
    </p>

    <p class='ocr_par' dir='ltr' id='par_1_8' title="bbox 895 3537 4194 3880">
     <span class='ocr_line' id='line_1_25' title="bbox 895 3537 4192 3636; baseline 0.001 -34"><span class='ocrx_word' id='word_1_204' title='bbox 895 3539 997 3602; x_wconf 83' lang='lat'><strong>36.</strong></span> <span class='ocrx_word' id='word_1_205' title='bbox 1212 3540 1443 3618; x_wconf 89' lang='lat' dir='ltr'><strong>Eheu,</strong></span> <span class='ocrx_word' id='word_1_206' title='bbox 1502 3537 1734 3631; x_wconf 87' lang='lat' dir='ltr'><strong>quales</strong></span> <span class='ocrx_word' id='word_1_207' title='bbox 1784 3539 2138 3606; x_wconf 89' lang='lat' dir='ltr'><strong>trahuntur</strong></span> <span class='ocrx_word' id='word_1_208' title='bbox 2184 3540 2260 3607; x_wconf 87' lang='lat' dir='ltr'><strong>hi</strong></span> <span class='ocrx_word' id='word_1_209' title='bbox 2323 3539 2466 3608; x_wconf 88' lang='lat' dir='ltr'><strong>dies</strong></span> <span class='ocrx_word' id='word_1_210' title='bbox 2532 3568 2570 3608; x_wconf 89' lang='lat' dir='ltr'><strong>a</strong></span> <span class='ocrx_word' id='word_1_211' title='bbox 2635 3543 3038 3625; x_wconf 78' lang='lat' dir='ltr'><strong>viatoribuS,</strong></span> <span class='ocrx_word' id='word_1_212' title='bbox 3102 3544 3175 3610; x_wconf 89' lang='lat' dir='ltr'><strong>in</strong></span> <span class='ocrx_word' id='word_1_213' title='bbox 3246 3565 3536 3636; x_wconf 81' lang='lat' dir='ltr'><strong>quorum</strong></span> <span class='ocrx_word' id='word_1_214' title='bbox 3595 3541 3866 3609; x_wconf 86' lang='lat' dir='ltr'><strong>auribus</strong></span> <span class='ocrx_word' id='word_1_215' title='bbox 3928 3538 4192 3606; x_wconf 88' lang='lat' dir='ltr'><strong>febrem</strong></span> 
     </span>
     <span class='ocr_line' id='line_1_26' title="bbox 1013 3660 4192 3759; baseline 0.001 -33"><span class='ocrx_word' id='word_1_216' title='bbox 1013 3661 1258 3726; x_wconf 85' lang='lat' dir='ltr'><strong>excitat</strong></span> <span class='ocrx_word' id='word_1_217' title='bbox 1306 3661 1520 3726; x_wconf 85' lang='lat' dir='ltr'><strong>suavis</strong></span> <span class='ocrx_word' id='word_1_218' title='bbox 1572 3679 1801 3728; x_wconf 90' lang='lat' dir='ltr'><strong>cantus</strong></span> <span class='ocrx_word' id='word_1_219' title='bbox 1849 3660 2266 3748; x_wconf 89' lang='lat' dir='ltr'><strong>cuculorum,</strong></span> <span class='ocrx_word' id='word_1_220' title='bbox 2321 3664 2440 3756; x_wconf 88' lang='lat' dir='ltr'><strong>qui</strong></span> <span class='ocrx_word' id='word_1_221' title='bbox 2492 3662 2765 3731; x_wconf 87' lang='lat' dir='ltr'><strong>lusitant</strong></span> <span class='ocrx_word' id='word_1_222' title='bbox 2806 3666 2877 3731; x_wconf 83' lang='lat' dir='ltr'><strong>i&#39;n</strong></span> <span class='ocrx_word' id='word_1_223' title='bbox 2929 3664 3172 3733; x_wconf 90' lang='lat' dir='ltr'><strong>fronde</strong></span> <span class='ocrx_word' id='word_1_224' title='bbox 3215 3664 3765 3759; x_wconf 90' lang='lat' dir='ltr'><strong>Mangiferarum,</strong></span> <span class='ocrx_word' id='word_1_225' title='bbox 3815 3663 3899 3729; x_wconf 91' lang='lat' dir='ltr'><strong>ab</strong></span> <span class='ocrx_word' id='word_1_226' title='bbox 3951 3663 4192 3754; x_wconf 86' lang='lat' dir='ltr'><strong>apibus</strong></span> 
     </span>
     <span class='ocr_line' id='line_1_27' title="bbox 1012 3780 4194 3880; baseline 0.001 -33"><span class='ocrx_word' id='word_1_227' title='bbox 1012 3780 1250 3850; x_wconf 89' lang='lat' dir='ltr'><strong>diffuso</strong></span> <span class='ocrx_word' id='word_1_228' title='bbox 1299 3780 1520 3849; x_wconf 89' lang='lat' dir='ltr'><strong>mellis</strong></span> <span class='ocrx_word' id='word_1_229' title='bbox 1573 3781 1770 3850; x_wconf 90' lang='lat' dir='ltr'><strong>odori</strong></span> <span class='ocrx_word' id='word_1_230' title='bbox 1818 3784 2230 3854; x_wconf 87' lang='lat' dir='ltr'><strong>inhiantibus</strong></span> <span class='ocrx_word' id='word_1_231' title='bbox 2285 3809 2630 3854; x_wconf 89' lang='lat' dir='ltr'><strong>concussa.</strong></span> <span class='ocrx_word' id='word_1_232' title='bbox 2698 3787 3044 3857; x_wconf 89' lang='lat' dir='ltr'><strong>Fruuntur</strong></span> <span class='ocrx_word' id='word_1_233' title='bbox 3092 3789 3322 3856; x_wconf 86' lang='lat' dir='ltr'><strong>miseri</strong></span> <span class='ocrx_word' id='word_1_234' title='bbox 3371 3812 3498 3880; x_wconf 92' lang='lat' dir='ltr'><strong>per</strong></span> <span class='ocrx_word' id='word_1_235' title='bbox 3548 3803 3884 3854; x_wconf 87' lang='lat' dir='ltr'><strong>momenta</strong></span> <span class='ocrx_word' id='word_1_236' title='bbox 3937 3801 4194 3852; x_wconf 85' lang='lat' dir='ltr'><strong>tantum</strong></span> 
     </span>
    </p>
   </div>
   <div class='ocr_carea' id='block_1_3' title="bbox 1013 3903 4193 4096">
    <p class='ocr_par' dir='ltr' id='par_1_9' title="bbox 1013 3903 4193 4096">
     <span class='ocr_line' id='line_1_28' title="bbox 1013 3903 4193 4007; baseline 0.001 -37"><span class='ocrx_word' id='word_1_237' title='bbox 1013 3906 1337 3995; x_wconf 87' lang='lat' dir='ltr'><strong>temporis</strong></span> <span class='ocrx_word' id='word_1_238' title='bbox 1391 3903 1577 3971; x_wconf 89' lang='lat' dir='ltr'><strong>dulci</strong></span> <span class='ocrx_word' id='word_1_239' title='bbox 1627 3928 1779 3970; x_wconf 90' lang='lat' dir='ltr'><strong>cum</strong></span> <span class='ocrx_word' id='word_1_240' title='bbox 1827 3909 2079 3989; x_wconf 87' lang='lat' dir='ltr'><strong>amatis,</strong></span> <span class='ocrx_word' id='word_1_241' title='bbox 2131 3909 2262 3977; x_wconf 63' lang='lat' dir='ltr'><strong>vita</strong></span> <span class='ocrx_word' id='word_1_242' title='bbox 2315 3909 2717 3996; x_wconf 78' lang='lat' dir='ltr'><strong>carioribus,</strong></span> <span class='ocrx_word' id='word_1_243' title='bbox 2772 3936 3167 4007; x_wconf 84' lang='lat' dir='ltr'><strong>congressus</strong></span> <span class='ocrx_word' id='word_1_244' title='bbox 3219 3910 3461 4005; x_wconf 88' lang='lat' dir='ltr'><strong>gaudio</strong></span> <span class='ocrx_word' id='word_1_245' title='bbox 3512 3935 3641 4004; x_wconf 89' lang='lat' dir='ltr'><strong>per</strong></span> <span class='ocrx_word' id='word_1_246' title='bbox 3689 3907 4193 3977; x_wconf 87' lang='lat' dir='ltr'><strong>meditationem</strong></span> 
     </span>
     <span class='ocr_line' id='line_1_29' title="bbox 1016 4025 1697 4096; baseline 0.006 -4"><span class='ocrx_word' id='word_1_247' title='bbox 1016 4025 1104 4093; x_wconf 86' lang='lat' dir='ltr'><strong>ad</strong></span> <span class='ocrx_word' id='word_1_248' title='bbox 1157 4052 1264 4094; x_wconf 89' lang='lat' dir='ltr'><strong>eas</strong></span> <span class='ocrx_word' id='word_1_249' title='bbox 1315 4029 1697 4096; x_wconf 79' lang='lat' dir='ltr'><strong>intentam.«</strong></span> 
     </span>
    </p>
   </div>
   <div class='ocr_carea' id='block_1_4' title="bbox 728 4273 4197 4865">
    <p class='ocr_par' dir='ltr' id='par_1_10' title="bbox 901 4273 4195 4588">
     <span class='ocr_line' id='line_1_30' title="bbox 901 4273 4195 4374; baseline 0.002 -39"><span class='ocrx_word' id='word_1_250' title='bbox 901 4273 1001 4336; x_wconf 88' lang='lat'><strong>37.</strong></span> <span class='ocrx_word' id='word_1_251' title='bbox 1220 4276 1596 4361; x_wconf 85' lang='lat' dir='ltr'><strong>Murarem,</strong></span> <span class='ocrx_word' id='word_1_252' title='bbox 1648 4275 2129 4347; x_wconf 66' lang='lat' dir='ltr'><strong>iucundissima</strong></span> <span class='ocrx_word' id='word_1_253' title='bbox 2178 4280 2573 4373; x_wconf 87' lang='lat' dir='ltr'><strong>gestientem</strong></span> <span class='ocrx_word' id='word_1_254' title='bbox 2625 4280 2924 4361; x_wconf 64' lang='lat' dir='ltr'><strong>lascivia,</strong></span> <span class='ocrx_word' id='word_1_255' title='bbox 2974 4277 3198 4349; x_wconf 88' lang='lat' dir='ltr'><strong>studio</strong></span> <span class='ocrx_word' id='word_1_256' title='bbox 3250 4301 3387 4374; x_wconf 82' lang='lat' dir='ltr'><strong>quo</strong></span> <span class='ocrx_word' id='word_1_257' title='bbox 3436 4277 3618 4345; x_wconf 88' lang='lat' dir='ltr'><strong>haud</strong></span> <span class='ocrx_word' id='word_1_258' title='bbox 3660 4302 3862 4344; x_wconf 87' lang='lat' dir='ltr'><strong>unam</strong></span> <span class='ocrx_word' id='word_1_259' title='bbox 3893 4275 4195 4370; x_wconf 87' lang='lat' dir='ltr'><strong>puellam</strong></span> 
     </span>
     <span class='ocr_line' id='line_1_31' title="bbox 1015 4396 4195 4494; baseline 0.001 -31"><span class='ocrx_word' id='word_1_260' title='bbox 1015 4396 1363 4491; x_wconf 83' lang='lat' dir='ltr'><strong>amplexus</strong></span> <span class='ocrx_word' id='word_1_261' title='bbox 1416 4400 1501 4466; x_wconf 87' lang='lat' dir='ltr'><strong>sit</strong></span> <span class='ocrx_word' id='word_1_262' title='bbox 1553 4401 1956 4492; x_wconf 68' lang='lat' dir='ltr'><strong>conspicua,</strong></span> <span class='ocrx_word' id='word_1_263' title='bbox 2009 4424 2045 4466; x_wconf 90' lang='lat' dir='ltr'><strong>e</strong></span> <span class='ocrx_word' id='word_1_264' title='bbox 2095 4402 2492 4494; x_wconf 88' lang='lat' dir='ltr'><strong>propinquo</strong></span> <span class='ocrx_word' id='word_1_265' title='bbox 2553 4425 2782 4470; x_wconf 88' lang='lat' dir='ltr'><strong>coram</strong></span> <span class='ocrx_word' id='word_1_266' title='bbox 2830 4421 3205 4471; x_wconf 86' lang='lat' dir='ltr'><strong>monstrans</strong></span> <span class='ocrx_word' id='word_1_267' title='bbox 3262 4402 3474 4469; x_wconf 89' lang='lat' dir='ltr'><strong>amica</strong></span> <span class='ocrx_word' id='word_1_268' title='bbox 3543 4424 3773 4475; x_wconf 89' lang='lat' dir='ltr'><strong>rursus</strong></span> <span class='ocrx_word' id='word_1_269' title='bbox 3838 4399 4026 4468; x_wconf 85' lang='lat' dir='ltr'><strong>affata</strong></span> <span class='ocrx_word' id='word_1_270' title='bbox 4093 4417 4195 4466; x_wconf 85' lang='lat' dir='ltr'><strong>est</strong></span> 
     </span>
     <span class='ocr_line' id='line_1_32' title="bbox 1012 4519 1356 4588; baseline -0.009 1"><span class='ocrx_word' id='word_1_271' title='bbox 1012 4519 1356 4588; x_wconf 82' lang='lat' dir='ltr'><strong>Radham:</strong></span> 
     </span>
    </p>

    <p class='ocr_par' dir='ltr' id='par_1_11' title="bbox 728 4629 4192 4739">
     <span class='ocr_line' id='line_1_33' title="bbox 728 4629 4192 4739; baseline 0.003 -30"><span class='ocrx_word' id='word_1_272' title='bbox 728 4629 910 4700; x_wconf 63' lang='lat' dir='ltr'><strong>Cant·</strong></span> <span class='ocrx_word' id='word_1_273' title='bbox 935 4630 1000 4699; x_wconf 80' lang='lat'><strong>4·</strong></span> <span class='ocrx_word' id='word_1_274' title='bbox 1213 4640 1505 4710; x_wconf 76' lang='lat' dir='ltr'><strong>»Santali</strong></span> <span class='ocrx_word' id='word_1_275' title='bbox 1573 4641 1854 4736; x_wconf 86' lang='lat' dir='ltr'><strong>pulvere</strong></span> <span class='ocrx_word' id='word_1_276' title='bbox 1919 4666 2165 4739; x_wconf 87' lang='lat' dir='ltr'><strong>corpus</strong></span> <span class='ocrx_word' id='word_1_277' title='bbox 2226 4645 2498 4739; x_wconf 89' lang='lat' dir='ltr'><strong>nigrum</strong></span> <span class='ocrx_word' id='word_1_278' title='bbox 2546 4664 2782 4715; x_wconf 89' lang='lat' dir='ltr'><strong>unctus</strong></span> <span class='ocrx_word' id='word_1_279' title='bbox 2797 4679 2830 4729; x_wconf 92' lang='lat'><strong>,·</strong></span> <span class='ocrx_word' id='word_1_280' title='bbox 2882 4646 3052 4715; x_wconf 89' lang='lat' dir='ltr'><strong>flavo</strong></span> <span class='ocrx_word' id='word_1_281' title='bbox 3115 4647 3363 4716; x_wconf 88' lang='lat' dir='ltr'><strong>amictu</strong></span> <span class='ocrx_word' id='word_1_282' title='bbox 3424 4645 3699 4714; x_wconf 88' lang='lat' dir='ltr'><strong>indutus</strong></span> <span class='ocrx_word' id='word_1_283' title='bbox 3725 4696 3746 4727; x_wconf 95' lang='lat'><strong>,</strong></span> <span class='ocrx_word' id='word_1_284' title='bbox 3822 4643 4192 4737; x_wconf 72' lang='lat' dir='ltr'><strong>agrestibus</strong></span> 
     </span>
    </p>

    <p class='ocr_par' dir='ltr' id='par_1_12' title="bbox 887 4738 4197 4865">
     <span class='ocr_line' id='line_1_34' title="bbox 887 4738 4197 4865; baseline 0.001 -36"><span class='ocrx_word' id='word_1_285' title='bbox 887 4738 995 4801; x_wconf 75' lang='lat'><strong>38·</strong></span> <span class='ocrx_word' id='word_1_286' title='bbox 1013 4763 1293 4830; x_wconf 87' lang='lat' dir='ltr'><strong>floribus</strong></span> <span class='ocrx_word' id='word_1_287' title='bbox 1345 4783 1746 4847; x_wconf 83' lang='lat' dir='ltr'><strong>coronatus,</strong></span> <span class='ocrx_word' id='word_1_288' title='bbox 1810 4767 2041 4835; x_wconf 89' lang='lat' dir='ltr'><strong>ambas</strong></span> <span class='ocrx_word' id='word_1_289' title='bbox 2092 4793 2294 4861; x_wconf 87' lang='lat' dir='ltr'><strong>genas</strong></span> <span class='ocrx_word' id='word_1_290' title='bbox 2340 4769 2723 4852; x_wconf 89' lang='lat' dir='ltr'><strong>inauribus,</strong></span> <span class='ocrx_word' id='word_1_291' title='bbox 2792 4794 3082 4863; x_wconf 87' lang='lat' dir='ltr'><strong>quorum</strong></span> <span class='ocrx_word' id='word_1_292' title='bbox 3131 4794 3430 4865; x_wconf 89' lang='lat' dir='ltr'><strong>gemmae</strong></span> <span class='ocrx_word' id='word_1_293' title='bbox 3469 4768 3775 4836; x_wconf 87' lang='lat' dir='ltr'><strong>hilariter</strong></span> <span class='ocrx_word' id='word_1_294' title='bbox 3828 4763 4197 4847; x_wconf 83' lang='lat' dir='ltr'><strong>exsultant,</strong></span> 
     </span>
    </p>
   </div>
   <div class='ocr_carea' id='block_1_5' title="bbox 1006 4887 4195 5091">
    <p class='ocr_par' dir='ltr' id='par_1_13' title="bbox 1006 4887 4195 5091">
     <span class='ocr_line' id='line_1_35' title="bbox 1012 4887 4195 4990; baseline 0 -37"><span class='ocrx_word' id='word_1_295' title='bbox 1012 4902 1282 4990; x_wconf 85' lang='lat' dir='ltr'><strong>ornatus</strong></span> <span class='ocrx_word' id='word_1_296' title='bbox 1308 4934 1330 4967; x_wconf 94' lang='lat'><strong>,</strong></span> <span class='ocrx_word' id='word_1_297' title='bbox 1395 4887 1639 4953; x_wconf 90' lang='lat' dir='ltr'><strong>risibus</strong></span> <span class='ocrx_word' id='word_1_298' title='bbox 1693 4887 1883 4956; x_wconf 75' lang='lat' dir='ltr'><strong>‹latus</strong></span> <span class='ocrx_word' id='word_1_299' title='bbox 1905 4939 1926 4970; x_wconf 95' lang='lat'><strong>,</strong></span> <span class='ocrx_word' id='word_1_300' title='bbox 1989 4891 2204 4957; x_wconf 86' lang='lat' dir='ltr'><strong>Hares</strong></span> <span class='ocrx_word' id='word_1_301' title='bbox 2256 4891 2408 4959; x_wconf 85' lang='lat' dir='ltr'><strong>istic</strong></span> <span class='ocrx_word' id='word_1_302' title='bbox 2484 4888 2740 4959; x_wconf 90' lang='lat' dir='ltr'><strong>lascivit</strong></span> <span class='ocrx_word' id='word_1_303' title='bbox 2813 4915 2966 4959; x_wconf 90' lang='lat' dir='ltr'><strong>cum</strong></span> <span class='ocrx_word' id='word_1_304' title='bbox 3035 4893 3232 4961; x_wconf 88' lang='lat' dir='ltr'><strong>turba</strong></span> <span class='ocrx_word' id='word_1_305' title='bbox 3303 4890 3683 4986; x_wconf 89' lang='lat' dir='ltr'><strong>puellarum</strong></span> <span class='ocrx_word' id='word_1_306' title='bbox 3745 4888 4195 4958; x_wconf 85' lang='lat' dir='ltr'><strong>iuvenantium</strong></span> 
     </span>
     <span class='ocr_line' id='line_1_36' title="bbox 1006 5005 1989 5091; baseline 0.001 -15"><span class='ocrx_word' id='word_1_307' title='bbox 1006 5005 1294 5091; x_wconf 83' lang='lat' dir='ltr'><strong>lasciva,</strong></span> <span class='ocrx_word' id='word_1_308' title='bbox 1345 5005 1688 5076; x_wconf 86' lang='lat' dir='ltr'><strong>illecebris</strong></span> <span class='ocrx_word' id='word_1_309' title='bbox 1742 5009 1989 5080; x_wconf 88' lang='lat' dir='ltr'><strong>dedita.</strong></span> 
     </span>
    </p>
   </div>
  </div>
 </body>
</html>
