4935 5819
944 502 1109 586 140
2161 486 2397 581 Gru
2471 487 2883 581 Govmm
3682 576 3710 591 ,

615 748 916 812 Cant.23.
1136 739 1466 811 Molimen
1543 737 1934 834 voluptatis,
1998 741 2070 807 in
2134 764 2268 834 quo
2336 740 2679 808 oriebatur
2748 739 3170 810 obstaculum
3235 746 3538 813 arctioris
3614 744 3959 839 amplexus
4041 768 4122 811 ex

815 858 910 919 ¹0·
938 867 1278 934 erectione
1329 863 1662 956 pilorum,
1734 861 2306 931 observandarum
2354 864 2804 930 intentionum
2872 862 3292 932 lasciviarum
3360 892 3396 934 e
3458 868 3824 935 nictatione
3887 865 4125 935 oculo-

926 1013 1115 1071 rum,
1163 986 1520 1055 hauriendi
1564 987 1901 1054 labiorum
1954 989 2241 1055 nectaris
2294 1012 2376 1053 ex
2431 984 2938 1054 oblectamentis
2986 990 3596 1070 sermocinationis,
3653 1013 4123 1057 consumman-

931 1110 1055 1178 dae
1105 1108 1458 1203 voluptatis
1512 1134 1592 1175 ex
1653 1107 2137 1177 aemulantibus
2193 1111 2484 1177 invicem
2543 1108 2823 1176 lusionis
2893 1108 3507 1194 modulationibus,
3568 1111 3643 1179 id
3708 1114 3803 1180 cis
3870 1108 4121 1178 deinde

932 1233 1179 1300 exstitit
1229 1250 1657 1325 augmentum
1710 1230 2128 1299 deliciarum.

814 1361 910 1424 11.
1130 1350 1327 1424 Ulnis
1374 1356 1774 1436 obstrictus,
1827 1379 2264 1421 mammarum
2308 1378 2515 1423 onere
2569 1377 2969 1448 oppressuS,
3016 1357 3348 1450 unguibus
3400 1357 3750 1438 laceratus,
3802 1353 4117 1423 dentibus

933 1503 1061 1574 per
1111 1478 1289 1547 labia
1331 1466 1556 1545 media
1606 1480 1952 1559 sauciatuS,
2005 1477 2365 1545 feminibus
2416 1479 3017 1572 protuberantibus
3072 1503 3456 1562 concussus,
3506 1504 3708 1546 manu
3761 1480 4125 1545 caesariem

937 1603 1309 1696 arripiente
1361 1619 1713 1683 attractus,
1766 1599 2044 1693 profuso
2100 1602 2232 1668 oris
2278 1599 2480 1667 melle
2526 1602 2924 1685 inebriatus,
2991 1628 3195 1696 quam
3250 1602 3767 1671 satisfactionem
3829 1626 3969 1670 non
4021 1619 4125 1668 est
4194 1654 4199 1657 .

935 1744 1171 1793 nactus
1223 1723 1555 1790 amasius?
1656 1722 1967 1791 Profecto
2019 1724 2284 1790 inversa
2338 1742 2440 1790 est
2489 1726 2592 1791 via
2641 1724 2929 1791 Amoris.

824 1852 922 1915 12.
1139 1849 1308 1932 Quia
1357 1846 1473 1913 illa
1524 1871 1692 1941 opus
1761 1871 2067 1940 aggressa
2117 1863 2217 1913 est
2268 1848 2459 1914 initio
2513 1872 2818 1941 pugnae,
2878 1845 3146 1915 Amoris
3200 1850 3387 1941 signa
3440 1873 3606 1942 prae
3673 1873 3745 1915 se
3810 1846 4118 1929 ferentis,

936 1966 1125 2035 lusus
1194 1968 1551 2062 voluptatis
1614 1969 1967 2050 variantis,
2019 1966 2443 2035 festinatione
2494 1970 2738 2050 nimia,
2802 1969 3260 2037 vehementiae
3302 1974 3638 2064 proxima:
3703 1969 3860 2038 ideo
3928 1970 4120 2037 semi-

932 2115 1096 2156 num
1144 2092 1332 2183 regio
1386 2109 1663 2182 torpens
1712 2091 1908 2170 iacet,
1960 2089 2210 2156 laxatus
2261 2087 2518 2156 decidit
2565 2088 3000 2157 brachiorum
3047 2093 3243 2172 vitex,
3296 2091 3594 2184 trepidat
3632 2093 3838 2175 sinus,
3890 2090 4122 2159 occlu-

934 2236 1045 2280 sus
1099 2231 1199 2279 est
1242 2209 1496 2279 oculus.
1599 2212 1745 2294 Qua
1783 2212 2041 2277 ratione
2093 2211 2540 2279 successerint
2588 2209 2854 2277 feminis
2899 2208 3118 2276 studia
3169 2212 3427 2279 virilia?

819 2341 942 2404 13.·
1132 2330 1404 2399 Puellae
1455 2348 1693 2424 pectus
1758 2331 2083 2400 caeruleis
2132 2333 2455 2425 unguium
2518 2332 2723 2424 signis
2785 2351 3085 2401 notatum
3150 2352 3329 2417 erat,
3400 2333 3655 2401 lumina
3726 2332 4119 2401 lassitudine

928 2454 1343 2535 rubicunda,
1397 2452 1606 2521 diluta
1657 2452 1991 2522 labiorum
2038 2479 2364 2547 purpura,
2419 2478 2651 2523 comae
2707 2454 2978 2524 corollis
3031 2454 3340 2524 deciduis
3395 2458 3835 2550 contritisque
3888 2481 4123 2524 excus-

928 2603 1083 2661 sae,
1134 2577 1485 2671 laxiusque
1533 2577 1845 2670 cingebat
1891 2601 2058 2645 zona
2108 2579 2443 2645 amictum.
2546 2580 2749 2647 Hisce
2804 2604 2929 2647 ceu
2980 2581 3222 2648 amoris
3272 2581 3568 2674 sagittis,
3621 2582 3842 2648 mariti
3887 2579 4118 2648 oeulos

924 2726 1124 2769 mane
1174 2701 1607 2782 ferientibus,
1658 2702 1909 2766 mirum
1959 2718 2059 2769 est
2109 2718 2435 2794 quantum
2480 2702 2738 2768 animus
2789 2703 2930 2768 eius
2984 2703 3156 2768 ictus
3208 2702 3310 2767 sit.

815 2831 912 2899 14.
1133 2821 1312 2913 [”Te
1361 2847 1503 2890 non
1550 2824 1852 2918 potitus,
1906 2826 2062 2918 quia
2111 2842 2222 2906 tu,
2277 2847 2316 2891 o
2366 2822 2654 2918 pulcra,
2708 2822 3038 2892 electione
3100 2822 3316 2890 libera
3370 2849 3531 2908 usa,
3584 2847 3695 2891 me
3754 2843 4120 2919 praeopta-

925 2951 1080 3021 visti
1131 2950 1292 3019 olim
1339 2951 1413 3017 in
1463 2951 1614 3043 ripa
1665 2948 1901 3017 oceani
1969 2944 2203 3029 lactei,
2275 2947 2589 3016 dominus
2654 2967 2911 3032 terrae,
2982 2951 3218 3041 inas,
3278 2950 3527 3031 iratus,
3596 2951 3810 3033 bibit,
3869 2949 4116 3032 credo,

915 3097 1253 3141 venenum
1301 3076 1742 3142 acerrimum«
1793 3073 1912 3165 qui
1968 3070 2209 3139 talibus
2253 3071 2528 3164 pristini
2577 3073 2904 3165 temporis
2949 3069 3537 3138 recordationibus
3588 3092 3867 3139 amatam
3915 3096 4119 3139 occu-

918 3217 1060 3289 pat,
1109 3196 1273 3264 dum
1350 3196 1824 3263 indumentum
1877 3212 2212 3277 removet,
2260 3192 2610 3287 oculisque
2659 3194 3027 3289 perlustrat
3080 3212 3606 3286 gemmascentes
3658 3197 3849 3288 quasi
3897 3194 4123 3290 papil-

924 3317 1065 3401 las,
1113 3317 1231 3385 ille
1283 3335 1535 3385 tutetur
1583 3339 1700 3385 vos
1744 3312 2012 3404 Hares]

812 3448 909 3510 15.
1126 3440 1442 3510 Divulsus
1496 3460 1596 3508 est
1642 3438 1864 3508 nodus
1919 3463 2298 3521 comarum,
2350 3438 2658 3508 disiectio
2711 3457 2815 3507 est
2857 3438 3257 3534 capillorum
3282 3490 3302 3522 ,
3354 3439 3602 3509 sudore
3646 3440 3917 3507 lubrica
3964 3458 4125 3507 sunt

925 3583 1273 3659 tempora,
1323 3564 1689 3656 conspicua
1736 3561 2073 3631 labiorum
2113 3586 2498 3631 morsorum
2545 3581 2877 3646 venustas,
2928 3565 3181 3631 rubore
3232 3561 3664 3657 globulorum
3712 3559 4123 3655 papillarum

928 3706 1284 3782 superatur
1336 3686 1540 3754 fascia
1583 3710 2034 3779 gemmarum,
2079 3710 2246 3754 zona
2297 3688 2460 3754 abiit
2502 3687 2577 3753 in
2624 3688 2923 3754 nescitur
2974 3711 3180 3781 quem
3229 3683 3489 3754 locum:
3547 3684 3663 3752 tali
3715 3709 3837 3753 sua
3882 3682 4122 3752 condi·

932 3811 1127 3879 cione
1181 3827 1577 3902 conspecta,
1627 3806 1789 3874 licet
1834 3808 2144 3876 manibus
2198 3810 2563 3878 obtexisset
2612 3812 2866 3894 sinum,
2911 3808 3208 3892 femora,
3257 3807 3518 3904 pedes,
3570 3810 3867 3875 animum
3897 3825 4119 3876 tamen

930 3932 1264 4000 Krishnae
1315 3931 1630 3998 laetificat
1675 3927 1907 4024 puella
1955 3932 2121 4012 ista,
2175 3928 2469 3998 corollae
2523 3929 2821 3999 divulsae
2875 3932 3209 4024 gestatrix.

818 4064 917 4129 16.
1128 4055 1405 4122 Amatae
1448 4049 1926 4120 hinnuloculae
1945 4104 1967 4135 ,
2020 4054 2447 4121 exuberantis
2491 4052 2779 4120 laetitiae
2831 4053 3221 4120 effusionem
3273 4050 3665 4120 continendi
3705 4050 4117 4145 impotentis,

930 4199 1030 4259 οε,
1083 4174 1274 4270 quod
1301 4172 1511 4274 oculis
1553 4169 1927 4266 paullulum
1964 4173 2480 4240 morsicantibus
2507 4173 2736 4267 lepide
2788 4176 3029 4257 arrisit,
3072 4174 3398 4276 quodque
3448 4173 3626 4242 labia
3674 4174 3895 4241 nitore
3948 4169 4120 4239 den-

923 4301 1122 4382 tium,
1174 4296 1583 4379 indistincta,
1628 4295 2042 4389 perturbata,
2073 4295 2563 4389 imbribusque
2614 4298 3485 4392 suspiriorum'interrupta
3527 4295 3886 4390 voluptatis
3934 4316 4121 4360 mur-

923 4423 1301 4489 muratione
1354 4421 1911 4512 conspicuorum‚
1956 4416 2345 4501 illustravit,
2396 4420 2619 4488 haurit
2665 4421 2992 4490 Krishnas
3040 4438 3200 4516 post
3245 4420 3630 4516 amplexum
3677 4439 4117 4487 mammarum

925 4544 1055 4612 sibi
1109 4546 1573 4640 impositarum
1590 4594 1609 4625 ,
1662 4543 2009 4637 spiritibus
2064 4541 2386 4612 elatarum
2404 4596 2427 4628 ,
2475 4544 2592 4613 tali
2639 4545 2880 4615 haustu
2920 4546 3176 4614 beatus-⁴

802 4785 910 4849 17·
1126 4794 1393 4863 Deinde
1445 4792 1677 4862 Radha
1703 4847 1723 4879 ,
1771 4812 2228 4864 consummata
2286 4793 2668 4887 voluptate,
2735 4793 3060 4863 membris
3126 4796 3402 4864 omnino
3481 4794 3785 4863 contritis
3808 4842 3832 4875 ,
3906 4814 4119 4886 quum

925 4914 1203 4986 vidisset
1252 4914 1631 4985 Govindam
1678 4936 1962 5011 repente
2017 4933 2401 4987 contentum
2423 4964 2446 4997 ,
2495 4914 2666 4985 haec
2719 4913 2908 4986 effata
2959 4936 3062 4989 est
3109 4920 3354 5003 verba,
3405 4916 3652 4987 laetitia
3718 4934 3788 4986 et
3845 4933 4117 4986 venera-

926 5058 1109 5110 tione
1140 5057 1373 5109 mixta:
