4935 5819
982 504 1148 585 130
2202 486 2439 581 Gm
2509 487 2921 582 Govmm

654 754 833 813 Cant.
856 746 958 811 16.
1175 739 1333 810 Non
1385 738 1767 835 perfoditur
1814 736 1931 807 illa
1981 739 2251 808 Amoris
2305 737 2625 834 spiculis,
2691 763 2865 832 quae
2915 735 3356 819 exhilaratur,
3423 759 3465 805 o
3530 737 3778 818 amica,
3847 736 3934 803 ab
3995 734 4157 818 illc,

857 855 1132 959 32·qui‚
1179 864 1420 957 agresti
1469 861 1723 930 corolla
1771 864 2063 945 cinctus,
2115 862 2304 931 vultu
2351 864 2523 930 nitet
2564 858 2829 955 pulcro,
2879 880 3201 955 tanquam
3248 860 3585 961 aquigenq
3631 859 3799 927 flore
3847 884 4162 954 expanso,

856 1003 956 1067 33,
1177 986 1332 1054 Non
1386 985 1602 1052 uritur
1664 982 1781 1051 illa
1830 1004 2028 1053 vento
2082 1011 2118 1054 e
2181 983 2444 1079 Malaya
2514 986 2850 1077 spirante,
2914 1008 3086 1077 quae
3149 982 3588 1066 exhilaratur,
3651 1005 3691 1051 o
3754 985 4001 1063 amica,
4077 984 4162 1048 ab

982 1108 1101 1180 illo
1131 1161 1150 1191 ‚
1196 1110 1312 1203 qui
1337 1159 1357 1192 ,
1410 1109 1653 1201 agresti
1700 1105 1954 1175 corolla
1999 1109 2290 1188 cinctus,
2341 1129 2579 1174 vocem
2622 1105 3010 1174 modulatur
3061 1103 3439 1172 dulciorem
3488 1103 3689 1173 melle
3729 1107 4035 1173 nectaris.

865 1239 963 1303 34.
1179 1231 1336 1298 Non
1383 1229 1717 1298 volutatur
1764 1226 1912 1311 illa,
1962 1226 2154 1295 radio
2200 1226 2398 1295 lunae
2453 1246 2859 1321 conspecto,
2923 1252 3095 1322 quae
3148 1227 3596 1311 exhilaratur,
3665 1251 3703 1297 o
3770 1230 4012 1309 amica,
4076 1229 4160 1294 ab

977 1351 1133 1436 illo,
1182 1356 1333 1448 qui,
1378 1354 1622 1447 agresti
1675 1350 1929 1419 corolla
1976 1352 2270 1433 cinctus,
2334 1375 2569 1418 manus
2634 1349 2985 1445 pedesque
3051 1370 3286 1420 nactus
3355 1370 3455 1419 est
3517 1349 3952 1446 splendentes
4018 1369 4167 1418 tan-

979 1502 1183 1572 quam
1233 1478 1598 1570 terrigenas
1649 1476 2081 1569 nymphaeas.

749 1592 750 1595 ¹
860 1610 958 1670 35.
1175 1599 1330 1667 Non
1379 1599 1762 1693 perforatur
1789 1601 1995 1666 nimio
2043 1596 2490 1666 destitutionis
2525 1593 2763 1665 dolore
2799 1622 2919 1667 cor
2963 1600 3127 1680 eius,
3174 1622 3346 1692 quae
3383 1596 3811 1681 exhilaratur,
3856 1623 3897 1666 o
3931 1599 4161 1677 amica,

976 1723 1060 1790 ab
1111 1720 1267 1803 illo,
1323 1723 1479 1815 qui,
1522 1724 1763 1816 agresti
1816 1720 2071 1790 corolla
2127 1722 2423 1802 cinctus,
2470 1721 2676 1799 nitet,
2729 1743 2856 1787 ceu
2904 1723 3160 1803 nubes,
3215 1747 3388 1814 quae
3443 1723 3656 1789 oritur
3710 1720 3899 1813 aquis
3953 1717 4157 1785 dives.

859 1848 959 1912 36.
1176 1844 1332 1912 Non
1375 1832 1580 1938 gemit
1620 1843 1735 1910 illa
1793 1845 1880 1912 ob
1941 1846 2152 1911 risum
2219 1844 2620 1924 amicarum,
2691 1868 2864 1935 quae
2927 1843 3370 1925 exhilaratur,
3432 1867 3470 1911 o
3536 1844 3780 1923 amica,
3853 1842 3937 1908 ab
4009 1840 4165 1921 illo,

980 1972 1142 2063 qui,
1204 1970 1447 2062 agresti
1513 1966 1767 2036 corolla
1832 1971 2125 2051 cinctus,
2189 1986 2402 2037 vestes
2464 1965 2689 2035 induit
2753 1965 3083 2061 fulgentes
3144 1968 3354 2035 instar
3421 1967 3600 2048 auri,
3666 1964 3878 2060 lapidi
3947 1963 4161 2059 Lydio

981 2093 1298 2185 appositi.

864 2227 962 2288 37.
1176 2213 1332 2281 Non
1382 2237 1613 2280 secum
1662 2212 1865 2281 trahit
1912 2212 2159 2280 febrim
2207 2214 2344 2295 illa,
2396 2239 2569 2308 quae
2626 2214 3057 2296 exhilaratur,
3102 2239 3140 2283 o
3176 2217 3409 2297 amica,
3456 2216 3540 2282 ab
3583 2239 3684 2295 e0,
3729 2216 3869 2308 qui,
3922 2217 4165 2307 agresti

921 2382 936 2401 .
982 2332 1239 2402 corolla
1292 2335 1584 2415 cinctus,
1636 2335 1712 2401 in
1759 2337 2070 2403 universo
2123 2334 2379 2408 mundo
2432 2338 2734 2404 omnium
2786 2338 3105 2406 iuvenum
3153 2358 3255 2408 est
3294 2341 3937 2433 praestantissimus,
3989 2363 4169 2405 sum-

975 2479 1256 2552 mopere
1299 2458 1705 2524 misericors.

863 2587 962 2651 38.
1179 2581 1328 2648 Hoc
1380 2604 1687 2648 sermone
1746 2605 1784 2646 a
1827 2581 1944 2673 pio
1994 2579 2324 2675 Jayadeva
2367 2584 2686 2666 recitatO,
2758 2584 2965 2653 intret
3015 2587 3310 2653 animum
3355 2587 3552 2654 etiam
3599 2585 3848 2666 Hares3
3898 2580 4013 2649 illa
4048 2608 4161 2649 ex-

983 2700 1344 2783 hilaratur,
1398 2726 1437 2769 o
1492 2704 1743 2783 amica,
1796 2703 1881 2768 ab
1935 2725 2055 2784 eo,
2110 2705 2228 2796 qui
2281 2707 2529 2796 agresti
2575 2706 2828 2776 corolla
2881 2711 3138 2776 cinctus
3186 2727 3301 2776 est.

867 2835 968 2901 39,
1185 2826 1418 2909 Eheu,
1485 2843 1719 2907 vente,
1782 2823 2032 2893 Santali
2101 2824 2531 2919 fragrantiam
2588 2832 2884 2924 spiranS,
2946 2834 3301 2913 Amorem,
3375 2834 3855 2926 incorporeum
3921 2828 4159 2907 deum,

983 2949 1362 3035 delectans,
1407 2953 1818 3044 propitiare3
1866 2949 2158 3034 dimitte,
2213 2975 2254 3018 o
2305 2952 2565 3045 probe,
2630 2956 3178 3046 perversitatem3
3244 2975 3372 3046 per
3432 2971 3847 3020 momentum
3908 2969 4163 3017 tantum

971 3076 1295 3169 temporis
1349 3076 1406 3141 si
1455 3071 1857 3141 Madhavam
1903 3097 2127 3143 coram
2172 3099 2280 3143 me
2331 3076 2662 3169 pomeri-5,
2717 3098 2757 3143 o
2810 3077 3046 3170 spirite
3081 3072 3513 3156 mundorum,
3565 3075 3875 3168 spiritum
3914 3094 4159 3150 meum,

976 3223 1135 3291 age,
1186 3196 1462 3263 auferas.

850 3327 957 3390 40.
1179 3321 1328 3404 Quo
1382 3318 1717 3412 digresso,
1769 3321 2177 3388 consociatio
2218 3344 2368 3389 cum
2420 3322 2760 3391 amicabus
2811 3323 3021 3390 instar
3065 3322 3311 3403 hostis,
3364 3318 3644 3413 frigidus
3698 3334 3928 3386 ventus
3955 3318 4163 3385 instar

976 3445 1324 3525 flammae,
1375 3440 1603 3509 radius
1653 3440 1853 3509 lunae
1904 3461 2257 3512 nectareus
2321 3446 2530 3511 instar
2594 3443 2876 3525 veneni,
2942 3460 3239 3509 mentem
3300 3467 3521 3512 meam
3575 3443 3791 3535 angit,
3854 3439 3943 3507 ad
4006 3465 4163 3506 eum

977 3561 1481 3631 misericordiae
1540 3563 1820 3655 inopem
1866 3563 2111 3630 iterum
2174 3587 2294 3633 cor
2356 3589 2621 3648 meum,
2685 3567 2877 3659 quasi
2937 3568 3001 3633 vi
3069 3563 3399 3660 quadam,
3463 3566 3831 3634 attrahitur.
3959 3562 4162 3629 Certe

979 3709 1166 3754 amor
1213 3684 1506 3754 crudelis
1556 3683 1788 3753 volens
1834 3704 1933 3754 est
1979 3684 2360 3781 puellarum
2410 3706 2752 3781 tyrannus.

857 3814 961 3884 41,
1179 3809 1426 3875 Morbo
1482 3808 1756 3889 afficias,
1818 3825 2014 3894 vente
2069 3807 2508 3904 Malayensis,
2579 3810 2866 3878 animam
2931 3809 3187 3879 auferas
3212 3859 3234 3891 ,
3307 3807 3630 3901 sagittifer
3699 3802 4158 3901 quincuplex3

981 3927 1258 3997 domum
1303 3927 1611 4023 profecto
1665 3951 1790 4023 ego
1843 3953 1984 3997 non
2032 3931 2352 4015 revisam3
2417 3956 2539 3999 cur
2594 3932 2716 4000 tibi
2766 3931 3231 4001 misericordia
3281 3950 3417 4014 est,
3474 3955 3518 4002 o
3569 3954 3761 4000 soror
3810 3928 3964 4010 sati,
4028 3927 4160 3992 Ya-

976 4052 1239 4121 muna?
1340 4053 1646 4118 membra
1691 4050 1946 4120 inunda
1989 4052 2305 4136 flumine,
2356 4073 2430 4123 ut
2479 4054 2752 4126 sedetur
2804 4058 3111 4151 corporis
3161 4054 3617 4125 incendium«

860 4493 965 4558 42.
1177 4484 1603 4552 Veneramur
1645 4481 1737 4550 ad
1786 4482 2116 4552 malorum
2160 4480 2633 4578 depulsionem
2676 4482 3126 4575 nymphaeam
3165 4483 3361 4580 pedis
3411 4482 3568 4551 almi
3595 4480 3943 4552 Govindae
3966 4533 3986 4564 ,
4036 4505 4160 4575 pe-

981 4606 1127 4688 dis,
1185 4610 1256 4673 in
1318 4631 1454 4702 quo
1523 4630 1683 4701 apes
1745 4604 2163 4674 illustrantur
2213 4632 2250 4673 a
2310 4605 2649 4698 sapphiris
2713 4604 3109 4676 frontalibus
3178 4626 3734 4703 congregatorum
3803 4604 4163 4674 coelicola-

975 4754 1165 4808 rum,
1217 4729 1460 4797 Indrae
1515 4747 2070 4824 ceterorumque,
2123 4727 2373 4798 laetitia
2424 4728 2763 4796 ovantium
2812 4749 2879 4799 et
2930 4753 3119 4799 more
3170 4729 3805 4799 venerabundorum
3853 4727 4162 4797 alacriter

969 4867 1498 4947 prostratorum,
1550 4850 1781 4947 pedis,
1834 4854 1952 4946 qui
2003 4870 2244 4947 sponte
2285 4848 2656 4919 inundante
2705 4876 2984 4921 amoena
3036 4853 3355 4924 melliflua
3414 4847 3936 4923 Mandakinidos
3986 4848 4161 4943 lym-

970 4977 1110 5070 pha
1142 4967 1452 5071 tingitur.
