4935 5819
1541 501 1869 593 Lunna
1925 497 2434 595 Coum-:usus
2494 501 2616 594 11.
2682 515 3053 600 10-18,
3755 517 3916 601 119

943 754 1141 823 Mens
1185 775 1334 821 mea
1385 754 1756 844 incongrua
1804 753 2052 819 iterum
2093 768 2365 845 reputat
2413 776 2740 820 summam
2787 775 2957 845 quae
3010 769 3111 820 est
3158 752 3227 817 in
3256 752 3582 834 Krishna,
3635 755 3912 838 virtutis,
3933 757 4113 834 Cant.
4137 759 4199 825 5.

744 881 912 944 iram
961 878 1048 945 ob
1099 875 1678 970 perturbationem
1726 875 1933 941 animi
1983 873 2358 960 dissuadet,
2412 876 3037 969 comprobationem
3083 873 3339 958 induit,
3395 874 3640 944 delicta
3691 872 4038 946 dimit-10·

745 1002 862 1084 tit,
913 1023 1344 1094 amoremque
1397 996 1579 1067 fovet
1627 1022 1784 1090 erga
1826 997 2224 1080 Krishnam,
2273 995 2433 1064 licet
2484 991 2732 1088 cupide
2786 992 2933 1061 aliis
2981 993 3227 1088 puellis
3276 994 3490 1062 inhiet
3536 1013 3605 1063 et
3651 1020 3759 1062 me
3812 1021 3922 1063 re-

744 1111 1258 1191 lieta‘lasciviat.
1363 1122 1544 1208 Quid
1588 1121 1877 1189 faciam?

940 1246 1253 1327 Mecum,
1304 1246 1549 1314 amoris
1601 1243 1939 1311 desiderio
1999 1244 2211 1336 potita
2261 1260 2461 1334 atquc
2525 1238 2734 1320 elata,
2788 1236 3258 1307 absconditum
3297 1240 3763 1307 umbraculum
3812 1241 3915 1306 in·
3935 1231 4109 1293 Cant·
4141 1230 4201 1300 6.

743 1393 987 1462 gressa,
1040 1367 1168 1448 fac,
1221 1391 1261 1435 o
1289 1369 1522 1450 amica,
1565 1385 1640 1434 ut
1672 1364 1910 1460 gaudia
1942 1384 2172 1458 carpat
2197 1367 2523 1456 variegata
2550 1364 2822 1450 Kecinis
2853 1363 3244 1431 interfector
3275 1389 3668 1458 generosus,
3711 1383 3915 1431 noctu
3938 1339 4035 1407 ¹¹·

745 1491 915 1558 clam
963 1492 1407 1573 recumbens,
1472 1515 1777 1571 mecum,
1831 1514 2001 1583 quae
2052 1489 2361 1581 regiones
2409 1490 2587 1554 circa
2638 1485 2870 1554 timide
2925 1485 3380 1580 contempler,
3432 1489 3487 1554 is
3541 1489 3657 1581 qui
3712 1486 3916 1554 multa

747 1611 1102 1708 voluptatis
1155 1615 1472 1681 suavitate
1517 1610 1828 1679 arrideat.

945 1736 1220 1803 Mecum
1272 1737 1518 1805 amoris
1573 1732 1911 1801 desiderio
1964 1733 2175 1826 potita
2202 1751 2402 1826 atque
2445 1732 2636 1814 elata,
2689 1731 2814 1813 fac,
2868 1756 2906 1800 o
2942 1735 3173 1816 amica,
3223 1753 3296 1802 ut
3322 1735 3561 1827 gaudia
3595 1737 3917 1829 variegata
3945 1730 4041 1791 12·

747 1875 976 1951 carpat
1027 1882 1392 1953 generosus
1421 1857 1692 1944 Kecinis
1745 1854 2156 1936 interfector,
2205 1879 2495 1937 mecum,
2549 1880 2719 1948 quac
2772 1855 3175 1948 pudibunda
3228 1859 3415 1950 quasi
3442 1860 3735 1949 primum
3771 1882 3922 1924 cum

749 2005 827 2051 eo
884 1979 1375 2076 congrederer,
1427 1980 1749 2048 mellifluo
1801 1981 1943 2046 risu
1997 1977 2324 2072 appeller,
2370 1979 2427 2045 is
2483 1978 2601 2070 qui
2652 1977 2951 2045 centenis
3006 1975 3316 2045 dulcibus
3366 1976 3710 2047 blanditiis
3762 2001 3924 2070 pro-

748 2104 974 2195 pitiet,
1028 2105 1146 2196 qui
1189 2102 1532 2169 indusium
1581 2100 1943 2169 feminibus
1987 2099 2335 2168 subducat.

933 2225 1210 2292 Mecum
1260 2227 1504 2292 amoris
1557 2222 1896 2304 desiderio
1941 2224 2152 2314 potita
2187 2241 2387 2314 atque
2424 2219 2614 2300 elata,
2666 2219 2793 2302 fac,
2846 2245 2885 2288 o
2924 2223 3155 2301 amica,
3186 2239 3261 2288 ut
3308 2220 3548 2312 gaudia
3599 2221 4038 2311 variegatalss.

743 2364 974 2440 carpat
1023 2369 1385 2439 generosus
1429 2344 1705 2431 Keqinis
1763 2342 2201 2426 interfector,
2273 2366 2578 2425 mecum,
2632 2365 2802 2435 quae
2853 2341 3384 2435 nymphaearum
3433 2361 3653 2408 torum
3707 2342 3923 2410 colam

744 2467 1162 2563 amplexibus
1239 2485 1305 2533 et
1359 2466 1567 2533 basiis
1634 2465 1901 2548 dedita,
1971 2468 2068 2547 is,
2140 2465 2257 2557 qui
2308 2463 2510 2556 longe
2562 2464 2735 2529 sinui
2786 2485 2937 2530 meo
2987 2462 3243 2529 infusus
3307 2464 3739 2544 remanserit,
3806 2464 3921 2556 qui

746 2589 1185 2686 amplectatur
1233 2609 1301 2658 et
1347 2589 1682 2658 labiorum
1734 2591 2080 2682 potionem
2127 2589 2407 2656 hauriat.

942 2715 1217 2782 Mecum
1265 2715 1508 2781 amoris
1557 2711 1891 2782 desiderio
1941 2715 2153 2807 potita
2204 2732 2403 2806 atque
2453 2711 2645 2793 elata,
2696 2710 2840 2792 fac,
2893 2734 2931 2778 o
2985 2713 3227 2794 amica,
3284 2732 3357 2780 ut
3407 2712 3644 2804 gaudia
3696 2728 3925 2803 carpat
3944 2712 4038 2775 14.

746 2839 1075 2932 variegata
1125 2860 1488 2932 generosus
1538 2838 1813 2927 Kecinis
1865 2837 2277 2920 interfector,
2330 2860 2617 2919 mecum,
2672 2861 2843 2929 quae
2896 2834 3210 2929 languide
3248 2836 3645 2903 conniveamv
3681 2855 3747 2903 et
3795 2836 3926 2903 las-

747 2960 1055 3028 situdinis
1110 2962 1309 3055 guttis
1369 2962 1672 3028 membra
1731 2960 1987 3042 lavem,
2054 2963 2108 3029 is
2182 2963 2339 3055 qui,
2409 2977 2714 3053 tempora
2778 2978 3157 3028 erectorum
3235 2959 3632 3053 capillorum
3680 2983 3926 3028 corona

743 3082 1043 3163 cinctus,
1096 3082 1335 3148 eximia
1382 3081 1623 3149 delicia
1676 3083 1901 3149 ebrius
1955 3079 2254 3149 exsultet.

940 3203 1214 3271 Mecum
1264 3206 1508 3271 amoris
1561 3202 1901 3272 desiderio
1952 3205 2165 3298 potita
2215 3222 2416 3297 atque
2471 3204 2661 3287 elata,
2714 3204 2840 3285 fac,
2902 3228 2940 3271 o
2992 3207 3234 3285 amica,
3286 3223 3361 3271 ut
3409 3203 3648 3297 gaudia
3695 3221 3924 3296 carpat
3946 3201 4040 3266 15.

745 3327 1073 3419 variegata
1116 3350 1480 3419 generosus
1532 3327 1806 3414 Keqinis
1858 3324 2286 3407 interfector,
2339 3349 2628 3407 mecum,
2683 3351 2856 3420 quae
2911 3325 3180 3393 dulcem
3233 3324 3626 3393 cuculorum
3657 3343 3923 3390 cantum

740 3443 1149 3514 susurrando
1203 3447 1470 3527 imiter,
1532 3445 1716 3512 laxos
1766 3471 1894 3539 per
1948 3445 2263 3517 disiectos
2332 3449 2681 3515 cincinnos
2733 3449 2933 3517 flores
2984 3466 3288 3541 gestans,
3363 3449 3420 3516 is
3474 3449 3593 3541 qui
3647 3446 3920 3514 decreta

742 3566 996 3636 codicis
1047 3567 1316 3634 Amoris
1369 3586 1643 3660 superet
1688 3586 1755 3635 et
1802 3593 1930 3661 per
1979 3569 2188 3637 latum
2238 3590 2476 3664 pectus
2526 3570 3042 3665 unguiculorum
3098 3573 3284 3665 signa
3333 3571 3674 3665 praebeat.

937 3689 1214 3757 Mecum
1265 3692 1509 3757 amoris
1563 3689 1902 3759 desiderio
1948 3694 2161 3784 potita
2213 3710 2413 3785 atque
2467 3693 2657 3776 elata,
2710 3695 2836 3776 fac,
2889 3719 2927 3763 o
2982 3696 3227 3775 amica,
3279 3713 3354 3761 ut
3403 3692 3645 3786 gaudia
3689 3712 3920 3787 carpat
3942 3690 4039 3760 16.

739 3813 1068 3905 variegata
1100 3835 1462 3904 generosus
1490 3812 1761 3899 Keqinis
1799 3812 2213 3895 interfector,
2265 3839 2527 3882 mecum
2547 3867 2565 3898 ,
2599 3840 2770 3909 quae
2801 3840 3137 3909 gemmeos
3174 3814 3608 3909 compedium
3641 3833 3917 3907 torques

740 3932 1038 4001 tinnulos
1090 3935 1353 4026 agitem,
1408 3933 1815 4027 cinguloque
1861 3958 2107 4002 sonoro
2159 3933 2378 4003 laxato
2434 3935 2696 4003 evoluta
2739 3939 2887 4021 sim,
2937 3939 3015 4020 is,
3072 3939 3191 4032 qui
3243 3961 3511 4006 omnem
3562 3934 3919 4030 voluptatis

740 4056 1061 4124 ambitum
1113 4081 1418 4124 emensus
1471 4059 1588 4138 sit,
1643 4059 1759 4150 qui
1807 4057 1994 4125 basia
2048 4056 2206 4138 det,
2260 4055 2420 4125 dum
2469 4061 2817 4128 cincinnos
2870 4064 3162 4155 arripiat.

937 4178 1210 4243 Mecum
1259 4179 1505 4246 amoris
1554 4177 1893 4247 desiderio
1947 4182 2159 4274 potita
2211 4198 2411 4275 atque
2459 4180 2650 4264 elata,
2702 4183 2829 4265 fac,
2880 4208 2919 4251 o
2972 4186 3219 4264 amica,
3274 4203 3345 4251 ut
3395 4180 3635 4276 gaudia
3688 4176 4032 4272 carpatl7·

745 4300 1078 4392 variegata.
1122 4324 1486 4391 generosus
1525 4300 1800 4389 Keqinis
1851 4302 2282 4386 interfector,
2333 4328 2621 4388 mecum,
2676 4331 2847 4396 quae
2897 4305 3251 4397 voluptatis
3304 4303 3579 4370 delicias
3618 4303 3919 4368 hauriam

741 4440 827 4503 et,
885 4420 1257 4490 hauriendo
1314 4421 1522 4503 lassa,
1577 4421 1906 4490 deiectam
1960 4428 2264 4519 corporis
2316 4427 2583 4493 viticem
2634 4426 3046 4494 sustentandi
3100 4428 3433 4520 impotens
3481 4428 3639 4509 sim,
3691 4428 3745 4491 is
3799 4426 3917 4518 qui

742 4541 1091 4610 oculorum
1144 4544 1542 4637 nymphaeis
1598 4571 1891 4639 gemmas
1943 4550 2131 4640 quasi
2183 4546 2442 4630 trudat,
2497 4567 2563 4616 et
2610 4572 2835 4616 amore
2880 4549 3219 4616 exuberet.

936 4666 1305 4759 Dispertiat
1366 4665 1750 4733 felicitatem
1815 4669 2005 4738 vobis
2055 4668 2351 4738 studium
2398 4670 2953 4738 Madhustidanae
3017 4670 3382 4764 plurimum
3443 4671 3514 4736 in
3574 4670 3911 4764 voluptate
3938 4672 4033 4736 18.

739 4787 1075 4878 positum,
1128 4789 1349 4854 verbis
1403 4787 1577 4855 filiae
1628 4791 1915 4882 pastoris
1968 4769 2304 4860 desiderio
2358 4792 2822 4887 oblanguentis
2886 4793 3285 4862 illecebrose
3353 4793 3807 4889 descriptum,
3876 4820 3912 4861 a

736 4908 855 5001 pio
898 4907 1230 5002 Jayadeva
1290 4913 1782 4979 concinnatum.
1883 4915 2152 4982 Mecum
2217 4918 2460 4984 amoris
2515 4915 2852 4985 desiderio
2904 4918 3116 5011 potita
3160 4934 3360 5011 atque
3415 4916 3620 5001 elata,
3666 4917 3807 4999 fac,
3873 4939 3911 4986 ο

740 5033 993 5112 amica,
1040 5050 1113 5099 ut
1155 5031 1397 5125 gaudia
1449 5054 1681 5128 carpat
1733 5037 2058 5130 variegata
2109 5062 2472 5129 generosus
2514 5039 2789 5129 Keeinis
2839 5038 3250 5110 interfector.
