4935 5819
1638 1444 3017 1563 ANNOTATIO.

930 1827 987 1899 Ι.
1086 1818 1317 1897 Distt.
1380 1818 1646 1897 1-25.
1707 1815 2191 1927 praeludunt
2247 1814 2580 1921 poemati
2653 1831 2955 1918 tresque
3022 1836 3147 1891 eos
3211 1808 3618 1891 continent
3681 1814 3917 1906 locos,

728 1945 869 2047 qui
924 1944 1139 2020 iuxta
1203 1944 1592 2025 technicos
1647 1946 1906 2048 magni
1975 1940 2391 2049 poematis,
2457 1945 2759 2030 W,
2827 1936 3324 2045 praeludium
3390 1938 3917 2029 constituunt,

727 2067 1372 2169 significationem
1419 2072 1898 2174 argumenti,
1945 2066 2510 2147 invocationem
2555 2063 2941 2152 numinis,
2993 2087 3404 2169 precesque
3465 2089 3610 2168 pro
3674 2063 3921 2139 salute

725 2187 1198 2266 auditorum.
1334 2194 1458 2269 Sic
1551 2194 1765 2270 enim
1843 2190 2016 2267 talis
2096 2190 2462 2264 carminis
2545 2184 3042 2290 praeludium
3132 2183 3408 2262 definit
3490 2211 3780 2276 versus,
3874 2210 3919 2261 e

727 2310 1224 2414 Kavyadarqo
1272 2338 1319 2387 a
1368 2312 1602 2390 schol.
1632 2321 1720 2386 A.
1770 2310 2176 2386 excitatus:
2224 2300 2638 2383 mnrium
2680 2300 2989 2403 ειιῇίῆῗπῆ
3032 2307 3173 2378 en&
3205 2307 3414 2402 azgad·
3470 2305 3919 2412 Inscriptio-

723 2431 958 2508 nibus
1001 2432 1368 2511 finalibus
1413 2434 1715 2540 saepius
1763 2459 2135 2535 magnum
2204 2428 2501 2507 dicitur
2548 2427 3064 2531 Gitagovinda
3115 2454 3389 2533 poema
3454 2446 3535 2504 et
3598 2429 3725 2504 vix
3784 2429 3919 2505 ob-

721 2570 894 2640 stat,
942 2552 1158 2657 quod
1198 2579 1326 2630 sex
1376 2572 1685 2631 tantum
1735 2570 2086 2660 poemata
2133 2552 2284 2629 hoc
2335 2551 2651 2629 nomine
2700 2548 2935 2654 digna
2984 2549 3252 2627 habita
3301 2550 3530 2626 fuisse
3565 2548 3919 2626 docuerit

729 2672 1310 2766 Colebrookius‚
1357 2679 1476 2753 As.
1528 2678 1690 2752 Res.
1738 2677 1837 2751 X.
1893 2704 1963 2780 p.
2015 2683 2206 2775 4093
2256 2702 2440 2751 nam
2500 2673 2716 2780 apud
2776 2673 3257 2776 antiquiores
3314 2673 3601 2750 frustra
3677 2673 3917 2751 huius

724 2797 1149 2873 sententiae
1200 2797 1632 2877 testimonia
1684 2798 2067 2903 indagavi.
2167 2801 2274 2876 Ut
2324 2817 2417 2876 ut
2463 2798 2614 2874 hoc
2662 2799 2799 2888 sit,
2866 2798 2949 2873 in
3021 2796 3461 2899 argumenti
3534 2797 3916 2900 significa-

730 2918 941 2994 tione
988 2920 1098 2996 i'ta
1147 2939 1494 2997 versatur
1539 2939 1831 3012 noster,
1889 2939 1982 2997 ut
2028 2947 2333 2998 scenam
2390 2922 2793 3013 carminis,
2859 2922 3113 3028 ripam
3180 2925 3588 2997 Yamunae
3649 2921 3909 3001 fluvii,

720 3062 1033 3121 enarret
1085 3041 1577 3148 indicetque,
1621 3071 1821 3148 quae
1869 3063 2096 3121 antea
2128 3044 2550 3121 Krishnam
2599 3043 2805 3121 inter
2846 3062 2925 3120 et
2956 3041 3306 3120 Radham
3341 3042 3911 3122 intercesserint

720 3164 1005 3241 amoris
1055 3166 1380 3270 negotia·
1482 3170 1576 3243 In
1631 3166 1779 3243 hoc
1822 3167 2306 3244 scenicorum
2338 3185 2744 3272 poetarum
2777 3192 3071 3244 morem
3107 3166 3327 3270 sequi
3352 3163 3661 3242 videtur
3682 3169 3913 3270 Jaya-

720 3285 984 3375 devas,
1034 3287 1250 3392 quod
1300 3307 1378 3368 et
1425 3315 1709 3368 nomen
1750 3315 1983 3366 suum
2045 3289 2344 3394 profert
2410 3307 2491 3367 et
2550 3290 2892 3368 aemulos
2937 3288 3060 3366 sui
3108 3289 3409 3396 carpit3
3470 3285 3674 3365 idem
3722 3289 3910 3367 fecit

720 3407 1257 3488 Bhavabhutes
1307 3412 1394 3490 in
1445 3414 1763 3518 prologo
1812 3409 2529 3490 Melatimadhavae.

915 3551 1124 3624 πει,
1192 3533 1293 3610 ab
1352 3556 1489 3624 m
1517 3561 1606 3613 eo
1652 3559 1913 3628 sensu,
1972 3553 2066 3614 ut
2111 3536 2211 3613 sit
2255 3535 2546 3629 facere,
2597 3553 2691 3616 ut
2737 3536 3023 3643 aliquis
3068 3536 3461 3631 adveniat,
3511 3562 3697 3648 quo-
3737 3555 3907 3616 ten·

721 3651 897 3742 dat,
953 3657 1161 3732 Ram.
1213 3662 1310 3747 11,
1360 3667 1478 3754 4ο,
1546 3682 1654 3733 11.
1692 3657 1820 3730 fini
1857 3669 1955 3734 eet
1999 3663 2333 3734 ητττέᾶωτῆ
2385 3684 2477 3735 21³
2518 3668 2592 3733 td·
2635 3684 2750 3758 ῑ-ιπ
2808 3655 2985 3732 amir
3040 3689 3053 3729 ι
3158 3659 3394 3758 Quod
3444 3685 3758 3746 moneo,
3803 3686 3906 3737 ne

711 3777 800 3853 h.
854 3781 904 3855 1.
958 3804 1194 3856 canss-
1244 3777 1484 3856 radic.
1532 3804 1579 3882 ζ
1626 3809 1889 3888 ponas.
1932 3825 2036 3850 --
2133 3790 2225 3860 In
2273 3806 2392 3869 τε
2445 3783 2853 3886 insigniter
2913 3780 3451 3858 hallucinatur
3510 3781 3745 3858 schol.
3817 3788 3898 3858 A.

716 3902 1141 4007 explicansz
1178 3901 1525 3980 iucunda
1552 3904 2083 3982 exhortatione
2115 3904 2277 3981 scil.
2317 3906 2633 3989 amicae,
2657 3902 3027 3990 Badhan,
3067 3923 3161 3981 ut
3192 3923 3336 3991 eat,
3376 3906 3742 4010 rogantis:
3794 3905 3904 4004 ζῆτ’

650 4016 1131 4121 ‚tilam
1175 4020 1685 4114 πτζσὲἣίῆπῑει
1741 4020 3535 4127 πῖππῆῆὲῑῇῆῆτζεῆῦῶῦππῆῦὶππωῇῆῇπ
3592 4031 3902 4110 Rectius

715 4146 815 4221 D.
863 4168 1206 4232 W.
1316 4150 1624 4227 Nandas
1689 4170 1950 4259 pastor
2028 4154 2374 4232 nutritor
2442 4154 2602 4231 fuit
2675 4155 2972 4233 iuvenis
3036 4155 3434 4233 Krishnae.
3553 4158 3898 4259 Uterque

716 4270 1113 4348 licentiam
1162 4293 1431 4379 poetae
1481 4275 1565 4352 in
1615 4276 1761 4353 hoc
1805 4280 2397 4383 praetermittit,
2448 4276 2668 4382 quod
2722 4304 2970 4356 sermo
3017 4277 3336 4355 Nandae
3393 4275 3898 4355 adRadbam

713 4393 952 4468 solam
1000 4419 1078 4470 se
1126 4398 1541 4489 convertit,
1594 4400 1737 4499 ‘swi-
1784 4398 2050 4472 effi:
2114 4419 2371 4478 autem
2413 4401 2651 4478 etiam
2696 4400 3116 4477 Krishnam
3178 4401 3509 4507 respicit.
3557 4440 3651 4454 —
3751 4405 3894 4472 πετο

714 4511 1270 4617 23ῑῇτῇπῆτῇ
1311 4542 1425 4619 ξιτ.
1468 4544 1697 4623 Siagu:
1754 4553 1768 4592 ι
1838 4545 2025 4598 w:
2076 4523 2725 4625 Wssw
2766 4517 3066 4618 ετιῇξπι
3121 4528 3339 4601 Α.-
3405 4526 3513 4610 fit,
3565 4521 3888 4614 vincere,

715 4643 1186 4744 praevalere,
1239 4643 1435 4722 bene
1480 4671 1558 4722 se
1607 4647 1936 4737 habere,
1986 4647 2200 4725 unde
2247 4650 2330 4726 in
2380 4647 2804 4726 salutandis
2851 4649 3157 4752 regibus
3197 4665 3276 4724 et
3320 4646 3769 4753 proceribus
3815 4666 3895 4726 et

712 4757 1128 4843 adorandis
1175 4766 1371 4845 divis
1418 4772 1744 4876 ponitur
1793 4775 2024 4879 plane
2067 4772 2401 4851 eundem
2443 4773 2529 4850 in
2581 4770 2936 4863 modum,
2995 4791 3232 4875 atque
3294 4768 3510 4877 apud
3573 4799 3714 4850 nos
3773 4778 3894 4848 vi-

716 4903 869 4959 val·
971 4890 1095 4966 Sic
1139 4916 1694 4999 saepenumero
1743 4895 1828 4974 in
1874 4898 2160 4976 fabulis
2204 4921 2334 4996 πῃ
2371 4890 2524 4992 ἓτετις
2582 4897 2772 4974 hinc
2832 4896 3164 5001 explica,
3219 4893 3434 5000 quod
3495 4895 3639 4973 sibi
3704 4897 3892 4975 velit

713 5006 926 5088 lusus
975 5012 1059 5090 in
1104 5016 1338 5093 verbo
1388 5039 1510 5106 ιτα,
1562 5018 1845 5098 Mudra
1900 5024 2077 5098 Rax.
2142 5049 2216 5129 p.
2277 5050 2387 5127 ¹7·
2438 5019 2538 5100 ef.
2586 5022 2815 5101 Wils·
2868 5036 3028 5099 not·
3079 5023 3174 5100 11.
3222 5047 3300 5128 p.
3365 5023 3523 5117 164.
3588 5018 3703 5098 ed.
3755 5022 3887 5099 alt.
