4935 5819
1021 498 1131 581 94
2143 493 2154 501 “
2212 490 2441 583 ὓίΤΑ
2508 491 2915 585 Govux'm

1217 737 1412 815 Dist.
1473 758 1582 807 ιι.
1673 739 1854 815 ‘Non
1906 738 2186 814 melius
2232 736 2613 842 explicare
2663 760 2963 841 possum
3006 735 3153 813 hoc
3204 734 3627 826 distichon,
3679 761 3917 840 quam
3950 738 4200 816 verbis

1017 852 4196 960 sch01.D.=qmmg=5=zv33=quffiffimwfflffimffi.stffi·

1019 979 1534 1127 &arm-13³5..
1603 978 1821 1057 :asa
1880 976 4202 1082 uffisffiwffiffiffifflmcffiqamffluffiaffiw

1211 1602 1407 1680 Dist.
1470 1624 1577 1678 12.
1682 1603 2022 1708 Respicit
2073 1603 2219 1679 hoc
2267 1598 2656 1676 distichon
2713 1600 3271 1686 narrationem,
3324 1626 3561 1703 quam
3612 1592 3900 1676 referre
3951 1604 4199 1705 negle-

1011 1744 1298 1803 xerunt
1346 1723 1794 1803 scholiastae
1843 1744 1922 1801 et
1971 1752 2107 1828 ego
2157 1723 2481 1827 quidem
2528 1741 2835 1801 tantum
2880 1751 2972 1801 ex
3020 1725 3166 1801 boc
3218 1726 3380 1828 ipso
3432 1721 3763 1801 disticho
3812 1727 4197 1828 cognitam

1015 1847 1283 1924 habeo.
1382 1846 1721 1925 Videtur
1786 1867 2048 1924 autem
2107 1848 2295 1923 haec
2350 1872 2526 1924 esse.
2640 1851 3052 1924 Inventum
3118 1848 3345 1924 fuisse
3408 1874 3451 1922 a
3515 1844 3784 1922 Radba
3852 1847 3936 1923 in
3992 1847 4201 1950 sylva

1009 1972 1381 2049 viatorem
1431 1992 1510 2049 et
1543 1972 2071 2061 admonitum,
2128 1995 2224 2047 ne
2269 1971 2378 2044 ibi
2432 1970 2897 2055 consisteret,
2947 1969 3077 2047 sed
3115 1990 3207 2047 ut
3255 1970 3592 2046 vicinam
3636 1987 3715 2045 et
3744 1968 4202 2074 hospitalem

1012 2094 1331 2171 Nandae
1382 2094 1699 2172 domum
1753 2112 2069 2201 peteret.
2169 2092 2380 2169 Haec
2432 2092 2744 2169 Radhae
2795 2096 3025 2169 verba
3075 2094 3643 2171 communicata
3697 2091 3929 2169 fuisse
3993 2091 4203 2167 dixe·

1012 2217 1118 2293 ris
1167 2218 1268 2293 ab
1318 2218 1461 2295 isto
1506 2220 1795 2295 viatore
1834 2243 2013 2293 cum
2062 2216 2388 2293 Krishna
2425 2216 2554 2313 (cf.
2592 2217 2791 2292 hem.
2820 2216 2920 2313 c.)
2948 2219 3088 2321 qui
3119 2245 3205 2294 ea
3237 2216 3450 2323 apud
3488 2215 3843 2293 Nandam
3886 2241 4201 2322 praeva-

1012 2343 1171 2416 lere
1218 2340 1510 2418 fecerit.
1609 2339 1755 2419 Sed
1804 2341 1866 2419 si
1917 2340 2401 2430 memineris,
2454 2341 2660 2417 inter
2708 2340 3009 2418 fabulas
3073 2341 3170 2418 de
3235 2342 3510 2417 iuvene
3571 2338 3908 2415 Krishna
3966 2339 4201 2415 etiam

1014 2463 1217 2542 hanc
1265 2488 1447 2554 esse,
1498 2461 1651 2539 vid.
1706 2464 1931 2541 Wils.
1984 2490 2036 2540 s.
2093 2492 2159 2541 v.
2209 2456 2471 2561 ιηπῇῖ,
2540 2486 2861 2540 coenare
2918 2461 3234 2538 solitum
3300 2462 3529 2538 fuisse
3584 2459 3998 2536 Krishnam
4055 2460 4199 2534 sub

1013 2588 1157 2661 {ico
1210 2588 1519 2676 arbore,
1587 2585 1713 2661 vix
1761 2584 2188 2683 dubitabis,
2256 2588 2455 2689 quin
2508 2586 2758 2663 viator
2825 2588 2963 2663 iste
3032 2587 3194 2692 ipse
3265 2585 3508 2662 fuerit
3582 2583 3990 2673 Krishnas‚
4056 2583 4196 2686 qui

1011 2710 1325 2788 viatoris
1375 2709 1985 2787 dissimulatione
2028 2710 2377 2786 Radham
2427 2710 2789 2787 fefellerit
2837 2728 2916 2785 et
2964 2709 3281 2816 posthac
3330 2736 3588 2784 coram
3638 2705 3911 2784 Nanda
3957 2708 4193 2784 simu-

1016 2834 1320 2926 laverit,
1375 2860 1630 2911 secum
1673 2834 2333 2911 communicatum
2393 2833 2622 2913 fuisse
2684 2863 2725 2912 a
2793 2837 3085 2912 viatore
3135 2836 3448 2914 Radhae
3501 2857 3965 2927 sermonem,
4034 2857 4192 2936 quo

1014 2974 1407 3062 permotus
1430 2953 1745 3033 Nandae
1795 2957 2219 3062 hospitium
2271 2959 2432 3063 ipse
2481 2956 2951 3063 imploraret·
3014 2962 3240 3050 Nam,
3283 2960 3345 3037 si
3394 2979 3557 3056 ὺηπζ
3588 2957 3787 3034 hem.
3825 2956 3888 3031 b.
3927 2955 4191 3032 Krish-

1014 3106 1153 3156 nas
1200 3099 1311 3155 est
1360 3080 1562 3184 ipse,
1609 3081 1737 3154 vix
1780 3080 2010 3155 aliter
2049 3081 2436 3186 explicare
2487 3082 2805 3187 poteris,
2854 3108 3033 3158 eum
3086 3082 3290 3159 bem.
3320 3108 3380 3157 e.
3434 3110 3479 3158 a
3533 3080 3821 3158 viatore
3874 3077 4202 3156 tenuisse

1017 3201 1158 3277 ista
1209 3202 1440 3275 verba
1505 3201 1877 3298 (W
1922 3200 2160 3293 τῆπῑ).
2248 3207 2488 3277 Lusus
2538 3204 2752 3281 haud
2801 3204 3041 3282 dubie
3091 3206 3282 3298 fuit,
3346 3207 3612 3310 quales
3670 3203 4040 3311 permulti
4105 3199 4201 3276 de

1017 3321 1351 3398 Krishna
1402 3320 2086 3397 circumferuntur.
2191 3322 2547 3400 caussam
2596 3326 2658 3401 si
2710 3330 3050 3430 quaeris,
3105 3356 3248 3404 cur
3304 3328 3452 3406 hoc
3500 3328 3980 3434 potissimum
4032 3325 4205 3401 loco·

1021 3445 1461 3523 introducta
1511 3447 1611 3521 sit
1661 3445 1895 3521 huius
1939 3444 2252 3521 fabulae
2300 3448 2627 3532 mentio,
2683 3475 2770 3524 ea
2823 3451 2909 3527 in
2960 3467 3228 3556 aperto
3278 3468 3409 3527 est.
3509 3446 4025 3527 Antecedentc
4075 3471 4202 3521 ca-

1019 3571 1182 3676 pite
1231 3568 1644 3643 Krishnam
1696 3584 2100 3643 curaverat
2145 3566 2413 3643 Radba
2465 3570 2928 3673 rogandum,
2979 3590 3073 3649 ut
3119 3598 3196 3649 se
3247 3573 3638 3664 inviseret,
3704 3588 4008 3646 revocat
4057 3570 4200 3646 ita·-

1019 3719 1174 3796 que
1223 3710 1568 3769 amatum
1621 3718 1664 3766 a
1709 3691 2110 3794 volgivago
2160 3719 2460 3781 amore,
2512 3692 2740 3768 sicuti
2788 3692 3188 3797 quondam
3219 3722 3265 3771 a
3307 3693 3712 3799 sylvaticae
3747 3690 3948 3768 vitae
3993 3715 4202 3765 er-ro

1019 3818 1237 3892 ribus
1286 3842 1465 3891 eum
1518 3832 2016 3891 revocaverat.
2118 3816 2524 3893 Miraberis
2569 3842 2792 3908 sane,
2860 3844 2958 3894 ne
3021 3818 3278 3895 hilum
3340 3813 3663 3923 quidem
3730 3812 3827 3889 de
3882 3811 4194 3918 mystica

1021 3938 1260 4016 buius
1313 3938 1621 4015 distichi
1676 3938 2368 4043 interpretatione,
2415 3967 2616 4045 quae
2669 3942 2752 4018 in
2803 3942 3209 4047 superficie
3258 3941 3478 4045 quasi
3530 3938 3773 4045 posita
3822 3955 3970 4023 est,
4034 3933 4199 4011 dic·

1026 4081 1193 4139 tum
1245 4062 1472 4139 fuisse
1536 4088 1581 4137 a
1643 4060 2083 4137 scholiastis.
2187 4067 2286 4141 At
2335 4069 2415 4139 A.
2482 4083 2738 4139 tamen
2787 4065 2998 4139 haec
3068 4082 3376 4140 tantum
3440 4062 3672 4139 verba
3735 4061 4197 4164 interpreta-

1022 4205 1283 4262 mento
1331 4211 1469 4262 suo
1522 4184 1984 4292 praemittit:
2034 4205 2140 4257 aa:
2191 4180 2413 4284 πΙ-ἒτῑετ
2457 4179 3615 4286 &affligem-&ww
3657 4205 3918 4280 W
3957 4210 3969 4249 ι
4058 4178 4198 4266 ,Ad

1023 4311 1324 4412 singula
1392 4310 1621 4384 verba
1686 4307 1897 4413 quod
1971 4309 2300 4397 attinet,
2379 4310 2443 4385 b.
2521 4332 2684 4408 ππ(
2732 4335 2872 4417 per
2922 4312 3088 4382 usim
3132 4311 3522 4417 explicant
3557 4312 3646 4387 Α.
3693 4310 3790 4384 D.
3839 4326 3917 4384 et
3956 4306 4050 4376 {¹35
4095 4300 4198 4379 ad

1018 4458 1067 4505 :t
1113 4429 1598 4511 subaudiunt
1646 4457 1736 4507 ex
1785 4451 2075 4508 antece.
2177 4434 2591 4510 Construe:
2641 4431 2752 4532 ξεῆ
2796 4435 2973 4531 ζῶς’.
3038 4455 3227 4519 W
3274 4433 3679 4539 epitheton
3729 4449 3839 4509 est
3874 4451 4196 4532 sequen·

1023 4557 1119 4632 tis
1163 4575 1426 4640 W·
1487 4589 1578 4605 ·····
1679 4575 1740 4626 G·
1787 4549 1962 4624 ῒῆῑῦῐῑ
2014 4583 2082 4612 ==
2136 4550 2350 4624 ffiwfft
2402 4560 2492 4630 A.
2541 4598 2643 4616 —
2738 4556 2812 4632 d.
2856 4552 3142 4630 φησί’-ἑὰς
3213 4585 3394 4634 cum
3441 4555 3719 4641 τῆἣττεσ
3789 4577 3953 4631 non
4016 4575 4197 4628 con·

1020 4678 1277 4778 iungit
1326 4681 1411 4751 A.
1476 4673 1606 4752 sed
1650 4673 2075 4778 genitivum
2125 4673 2343 4753 bunc
2400 4704 2443 4753 a
2510 4672 2829 4750 mmm&
2892 4680 3228 4785 pendere
3291 4679 3498 4758 facit.
3613 4683 3862 4782 Supra
3924 4672 4194 4780 ponit:

1016 4796 1291 4882 ffl'ffi'z'ffl
1329 4797 1470 4893 5ῖῇ
1511 4799 1692 4871 πῐῆἲ
1734 4791 2104 4896 ”Jffi'ffflw
2145 4797 2350 4897 *ἣῖῦ
2396 4796 2830 4899 Ἡῐῇωπθῖῦᾶε
2865 4830 2876 4870 ¹
2933 4805 3329 4910 explicatis
3377 4801 3660 4880 deinde
3705 4800 4013 4889 ceteris,
4070 4794 4199 4869 de·

1015 4924 1259 5026 nique
1310 4923 1584 5026 pergit:
1633 4916 3298 5028 ὥςππῆῑιιετωπτῶπῆῆπτῶεῐατπτεύθπ)
3362 4928 3681 5012 amm
3742 4915 4197 5009 πὲεῐπῑὲτείῆ

1011 5046 1090 5140 (1·
1141 5041 1828 5132 ⁶5³)“ffiffffl'fffi22
1892 5067 1987 5120 ππ
2045 5069 2296 5146 ρεξτε
2348 5040 3353 5152 απῡῆἕςπὰπετῑῆετπ
3404 5080 3417 5119 ι
3523 5051 3682 5129 Sub
3741 5050 3880 5128 lite
3932 5065 4196 5126 tamen
