4935 5819
1503 501 1829 591 LATmE
1901 493 2406 592 Conversus
2462 497 2676 589 XII.
2744 504 3113 599 18-27,
3721 506 3885 591 141.

910 749 1030 815 ”In
1081 746 1378 841 papilla,
1431 747 1807 840 auspicatae
1857 745 2127 813 Amoris
2171 770 2379 812 urnae
2429 746 2973 840 aequiparanda,
3037 771 3078 815 o
3121 748 3503 840 progenies
3552 744 4088 819 Yaduida-Cant·
4112 745 4213 813 24.

710 896 902 953 rum,
953 870 1279 939 adumbra
1328 893 1527 936 manu
1554 919 1575 949 ,
1629 866 1881 936 Santali
1932 866 2211 961 pulvere
2259 867 2631 962 frigidiore,
2687 868 3014 937 circulum
3064 896 3296 940 musco
3360 872 3753 964 figuratum«
3805 874 3897 943 ita
3916 852 4012 920 ¹8·

712 994 991 1088 loquuta
1043 1010 1143 1061 est
1187 990 1340 1074 illa,
1393 990 1556 1059 dum
1599 990 1913 1058 lusitabat
1960 991 2321 1084 progenies
2372 989 2879 1073 Yaduidarum,
2925 994 3302 1059 animorum
3358 991 3622 1059 delicia.

917 1111 1377 1207 ”Collyrium,
1430 1137 1633 1207 apum
1686 1112 1988 1181 colorem
2038 1108 2496 1206 despicatum,
2545 1132 2813 1179 tuorum
2860 1111 3198 1182 labiorum
3245 1116 3649 1182 suaviatione
3691 1116 3902 1207 nigri-
3926 1109 4018 1172 19·

714 1241 830 1305 tici
884 1236 1157 1318 orbum,
1211 1237 1615 1316 reinstaura,
1671 1259 1709 1303 o
1765 1255 2018 1317 amate,
2065 1236 2138 1301 in
2200 1234 2410 1302 oeulis
2434 1287 2456 1320 ,
2526 1234 3001 1304 iaculatoribus
3065 1238 3451 1330 sagittarum
3503 1235 3901 1329 Cupidinis«

715 1364 806 1429 ita
858 1358 1138 1452 loquuta
1188 1374 1289 1424 est
1328 1356 1489 1440 illa,
1543 1356 1705 1424 dum
1755 1354 2069 1424 lusitabat
2114 1360 2474 1450 progenies
2519 1357 2978 1427 Yaduidarum
3010 1411 3029 1441 ‚
3075 1362 3453 1428 animorum
3503 1357 3767 1426 delicia.

917 1481 1036 1546 »In
1089 1479 1368 1547 orbibus
1423 1481 1720 1563 aurium,
1769 1477 2120 1547 oculorum
2173 1503 2299 1545 ceu
2349 1476 2725 1547 dorcadum
2768 1482 3088 1548 errationi
3122 1479 3416 1548 libenter
3452 1477 4024 1546 manifestatae20.

717 1608 921 1673 finem
972 1605 1525 1698 imponentibus,
1577 1603 1848 1685 stabili,
1921 1627 1960 1670 o
2025 1622 2300 1671 venusto
2365 1605 2612 1670 amictu
2674 1601 2952 1685 indute,
3022 1605 3316 1684 inauria,
3390 1628 3563 1695 quae
3624 1601 3910 1670 reticula

717 1730 987 1796 Amoris
1040 1725 1342 1821 pendula
1390 1729 1772 1797 imitantur«
1825 1728 1914 1793 ita
1962 1723 2240 1819 loquuta
2292 1743 2391 1792 est
2438 1723 2605 1807 illa,
2659 1722 2823 1793 dum
2870 1723 3184 1792 Insita-bat
3245 1726 3608 1818 progenies
3658 1722 3910 1791 Yadui-

722 1850 1000 1931 darum,
1055 1851 1433 1917 animorum
1483 1848 1744 1916 delicia.

924 1972 1165 2041 ”Circa
1216 1972 1470 2040 vultum
1521 1996 1794 2055 meum,
1844 1973 2224 2067 nymphaea
2266 1971 2720 2065 pulcriorem,
2770 1971 3292 2054 immaculatum,
3346 1969 3585 2065 gaudia
3619 1972 3911 2038 excitan-
3930 1971 4065 2035 21.-

722 2114 1020 2178 tantem,
1071 2097 1196 2164 tibi
1245 2095 1696 2180 arridentem,
1747 2093 2004 2164 adorna
2046 2094 2301 2178 nodOS,
2364 2097 2773 2189 sempiterne
2824 2095 3097 2176 nitidOS,
3150 2120 3421 2189 gregem
3471 2119 3675 2187 apum
3729 2095 3914 2159 insu-

721 2244 850 2312 per
905 2219 1334 2286 exhibentes«
1389 2221 1480 2285 ita
1524 2215 1806 2309 loquuta
1855 2236 1958 2285 est
2003 2218 2157 2300 illa,
2204 2218 2366 2283 dum
2422 2218 2736 2285 lusitabat
2784 2220 3148 2311 progenies
3198 2216 3657 2284 Yaduidarum
3681 2265 3704 2298 ,
3772 2217 3946 2280 ani--

724 2365 995 2409 morum
1046 2341 1309 2409 delicia.

927 2465 1046 2531 »In
1097 2463 1334 2533 frontis
1383 2462 1586 2550 luna,
1640 2466 1838 2560 guttis
1889 2463 2287 2558 fatigationis
2339 2461 2652 2528 abstersis
2679 2511 2698 2543 ,
2747 2462 2988 2556 pinge,
3034 2484 3073 2530 o
3120 2480 3212 2542 tu,
3266 2462 3383 2555 qui
3436 2461 3688 2529 vultum
3742 2463 3916 2555 geris
3938 2465 4034 2528 22.

731 2588 1147 2682 nymphaeae
1195 2586 1524 2670 similem,
1590 2589 1856 2680 signum
1902 2588 2118 2654 musci
2187 2584 2341 2653 fuco
2402 2564 2685 2664 laetuin,
2743 2602 3063 2677 tanquam
3127 2581 3460 2650 maculam
3528 2582 3914 2651 interlunii«

730 2714 821 2779 ita
870 2708 1150 2803 loquuta
1202 2728 1303 2777 est
1345 2709 1507 2792 illa,
1561 2709 1724 2777 dum
1766 2710 2082 2777 lusitabat
2128 2710 2489 2803 progenies
2540 2706 3031 2789 Yaduidarum,
3083 2708 3462 2774 animorum
3510 2705 3773 2774 delicia.

934 2830 1289 2913 ‘’Innecte,
1336 2853 1374 2897 o
1418 2829 1834 2913 honorifice,
1893 2830 2092 2898 flores
2141 2831 2470 2898 cincinnis
2519 2831 2686 2896 meis
2741 2830 3156 2925 splendidis,
3210 2829 3502 2924 pulcris,
3575 2827 3914 2923 voluptate
3934 2825 4033 2895 23-

736 2951 1115 3036 dissolutis,
1170 2952 1382 3021 cauda
1428 2956 1707 3048 pavonis
1760 2980 1965 3048 super
2006 2958 2399 3023 imminente
2449 2957 2927 3050 gestientibus,
2991 2980 3116 3022 ceu
3171 2953 3458 3021 flabellis
3519 2952 3917 3020 vexillorum

724 3078 1032 3145 Amoris«
1084 3078 1174 3144 ita
1239 3075 1520 3171 loquuta
1580 3096 1681 3148 est
1737 3077 1887 3161 illa,
1960 3078 2125 3146 dum
2186 3078 2499 3148 lusitabat
2565 3080 2926 3174 progenies
2980 3074 3472 3158 Yaduidarum,
3539 3077 3920 3144 animorum

726 3196 989 3267 delicia.

925 3321 1213 3417 ”Cinge,
1267 3344 1308 3390 ο
1360 3323 1820 3416 magnanime,
1873 3321 2127 3390 femora
2173 3347 2326 3388 mea
2373 3321 2658 3415 pulcra,
2710 3321 3085 3404 amorifera,
3134 3319 3417 3413 turgida,
3471 3321 3662 3413 quasi
3694 3336 3911 3385 cortes
3932 3320 4030 3384 24.

728 3443 1070 3537 elephanti
1115 3470 1241 3513 ceu
1289 3446 1592 3526 Amoris,
1647 3443 1989 3512 obstacula
2041 3442 2445 3538 frangentiS,
2506 3445 2911 3511 ornamentis
2962 3441 3254 3524 indusii,
3332 3464 3674 3534 zonaeque
3727 3463 3915 3533 gem-

725 3591 953 3637 meae«
999 3570 1090 3635 ita
1137 3568 1416 3663 loquuta
1468 3587 1568 3637 est
1614 3567 1752 3650 illa,
1799 3566 1964 3635 dum
1994 3568 2306 3636 lusitabat
2329 3570 2688 3662 progenies
2713 3564 3195 3647 Yaduidarum,
3242 3567 3617 3633 animorum
3648 3560 3910 3630 delicia.

926 3690 1068 3757 »Pii
1114 3687 1486 3782 Jayadevae
1537 3692 1832 3757 sermoni
1880 3691 2239 3758 victorioso
2266 3739 2287 3771 ,
2357 3690 2816 3772 ornatissimo,
2883 3711 3019 3782 quo
3088 3687 3486 3783 franguntur
3555 3707 3908 3753 aerumnae
3928 3687 4029 3752 25.

727 3835 805 3878 ex
855 3811 1054 3878 huius
1107 3811 1249 3877 aevi
1297 3808 1610 3877 sordibus
1664 3808 2025 3891 oriundae,
2072 3812 2192 3903 qui
2241 3812 2577 3878 ambrosia
2629 3810 3116 3880 reeordationis
3171 3810 3543 3878 facinorum
3596 3809 3680 3875 ab
3734 3807 3912 3873 Hare

727 3951 1068 4027 gestorum
1133 3929 1435 4025 repletus
1502 3949 1634 4014 est,
1698 3930 1845 3999 fave
1895 3933 2117 4001 animo
2169 3931 2476 4004 liberali«
2538 3934 2629 4001 ita
2681 3932 2960 4028 loquuta
3013 3954 3113 4004 est
3159 3935 3310 4017 illa,
3382 3933 3546 4001 dum
3604 3930 3917 3998 lusitabat

727 4056 1089 4150 progenies
1136 4053 1598 4121 Yaduidarum
1624 4105 1646 4137 ‚
1698 4056 2076 4124 animorum
2126 4056 2386 4126 delicia.

930 4180 1236 4273 ”Figuris
1287 4177 1542 4246 adorna
1590 4177 1912 4273 papillas,
1963 4182 2170 4274 pinge
2223 4182 2407 4275 signa
2453 4182 2526 4248 in
2568 4180 2826 4263 fronte,
2874 4181 3067 4271 cinge
3120 4177 3375 4246 femora
3424 4201 3626 4258 zona,
3688 4197 3909 4243 comas
3929 4178 4033 4249 26.

727 4297 1146 4367 abundantes
1207 4298 1468 4366 honora
1523 4322 1807 4383 corona,
1877 4302 2081 4397 infige
2141 4302 2317 4370 ulnis
2380 4306 2625 4372 seriem
2689 4303 3134 4383 armillarum,
3197 4301 3556 4395 compedes
3619 4298 3911 4394 pedibus

726 4423 1044 4516 impone«
1093 4421 1229 4490 hoc
1277 4439 1547 4515 rogatus
1598 4425 1915 4508 amasius,
1964 4422 2129 4495 licet
2178 4423 2488 4496 divorum
2528 4428 2585 4494 is
2638 4445 2811 4496 esset
2858 4451 3070 4507 unus,
3124 4425 3213 4492 ita
3255 4421 3434 4489 feeit.

924 4788 1226 4856 Tueatur
1267 4810 1383 4858 vos
1427 4789 1680 4872 Hares,
1736 4790 1923 4858 cuius
1967 4792 2254 4888 insignia
2299 4795 2656 4862 maiestatis
2719 4792 3155 4863 revolvuntur
3222 4793 3413 4885 quasi
3475 4789 4027 4884 imaginibus‚27.

726 4905 1156 4979 multitudine
1206 4936 1617 5005 gemmarum
1665 4916 1737 4981 in
1791 4916 1989 4985 crista
2031 4917 2363 5010 serpentis
2415 4916 2835 5012 principalis,
2883 4915 3122 4984 cubilis
3175 4916 3312 4997 sui,
3362 4912 3769 4980 radiantium
3801 4936 3913 4977 re·

724 5030 1103 5123 percussis3
1182 5034 1300 5126 qui
1351 5036 1540 5128 quasi
1602 5033 2071 5130 multiplicavit
2135 5041 2604 5136 semetipsum,
2681 5039 2994 5110 ordinem
3045 5064 3411 5137 corporum
3471 5033 3902 5116 alternando,
