4935 5819
1049 514 1295 576 xxxvl
2277 483 2514 578 Giu
2562 482 2973 577 Govmm

1042 734 1553 839 suspicionem
1628 728 2155 836 negligentiae.
2282 731 2597 809 Adiecta
2668 730 3322 809 totiuscarminis
3393 731 4035 835 interpretatione
4083 735 4224 808 La·-

1045 872 1203 948 tina
1226 888 1261 964 ,‘
1325 874 1551 975 longa
1614 898 1773 948 non
1834 897 2029 978 opus
2092 870 2247 947 fuit
2315 871 2398 945 in
2465 869 2808 946 versibus
2859 868 3073 946 haud
3138 869 3244 946 ita
3317 869 3717 947 intellectu
3779 869 4224 948 difficilibus

1039 1008 1527 1085 enarratione
1590 1033 1800 1100 mea,
1866 1032 2120 1110 neque
2188 1008 2504 1110 integris
2556 1008 3133 1085 scholiastarum
3193 1009 3916 1113 interpretamentis.
4036 1010 4220 1088 Ideo

1039 1173 1125 1222 ea
1194 1165 1502 1224 tantum
1558 1147 1855 1253 protuli
1904 1147 2234 1239 scholia,
2286 1172 2489 1251 quae
2537 1167 2676 1225 aut
2723 1146 2821 1223 ad
2867 1147 3096 1223 verba
3148 1146 3589 1224 obscuriora
3650 1166 3789 1225 aut
3851 1146 3950 1224 ad
4016 1149 4221 1251 cogi-

1042 1286 1362 1362 tationes
1407 1286 1915 1362 intricatiores
1942 1288 2214 1363 melius
2243 1284 2780 1389 intelligendas
2809 1282 3161 1364 conferre
3208 1288 3362 1364 visa
3405 1286 3580 1363 sint.
3651 1291 3742 1362 In
3786 1287 4223 1393 compositis

1043 1424 1523 1525 longioribus
1550 1424 1926 1499 rationem
1959 1422 2502 1528 indigenarum
2536 1426 2857 1501 omnino
2888 1426 3352 1529 sequendam
3385 1452 3535 1503 esse
3578 1425 3877 1516 iudico;
3928 1425 4220 1531 optime

1036 1563 1247 1638 enim
1284 1581 1449 1640 tum
1495 1563 1835 1638 membra
1872 1565 2295 1675 compositi,
2343 1583 2510 1639 tum
2543 1583 2896 1640 mutuam
2929 1565 3455 1641 membrorum
3496 1566 3945 1642 relationem
3979 1565 4220 1669 expli-

1038 1719 1240 1778 cant.
1288 1703 1512 1777 Hanc
1563 1702 1825 1803 itaque
1862 1721 2159 1806 partem
2214 1703 2297 1778 in
2341 1728 2464 1779 eos
2494 1730 2534 1778 a
2571 1729 2694 1778 me
2730 1704 3029 1808 saepius
3069 1702 3384 1779 devolvi·
3453 1711 3542 1781 In
3591 1704 3913 1807 singulis
3946 1701 4221 1779 dictio·

1041 1840 1270 1915 nibus
1317 1838 1789 1944 explicandis
1841 1842 2097 1918 minus
2149 1839 2478 1916 feliciter
2526 1840 2723 1915 mihi
2770 1865 2990 1942 agere
3031 1838 3418 1916 videntur.
3486 1840 3875 1916 Nimirum
3916 1837 4219 1943 singula

1040 1979 1408 2053 vocabula
1463 2005 1603 2083 per
1649 1982 1950 2081 singula
2003 1983 2510 2086 explicantes,
2565 1980 2729 2057 voci
2791 1980 3208 2087 explicatae
3260 2004 3561 2057 sensum
3614 1978 3935 2084 quidem
3999 1980 4221 2057 attri-

1036 2116 1297 2193 buunt
1347 2116 1557 2192 haud
1609 2118 1920 2203 falsum,
1982 2146 2254 2196 verum
2318 2120 2708 2195 enimvero
2758 2117 2972 2194 haud
3022 2144 3241 2202 eum,
3291 2145 3448 2221 quo
3499 2119 3758 2224 posuit
3815 2135 4038 2223 poeta
4089 2114 4219 2193 vo-

1036 2277 1222 2338 cem,
1275 2278 1527 2355 neque
1577 2279 1831 2330 veram
1882 2256 2047 2331 eius
2097 2257 2252 2330 vim
2307 2253 2669 2332 enodant.
2774 2256 3009 2354 Quod
3059 2258 3539 2362 potissimum
3593 2255 3689 2331 de
3742 2254 4221 2332 dictionibus

1033 2392 1327 2467 tralatis
1368 2392 1588 2466 valet.
1690 2393 1866 2467 Uno
1915 2396 2266 2499 exemplo
2314 2395 2704 2470 illustrare
2751 2394 2996 2470 liceat.
3072 2397 3202 2469 XI.
3234 2423 3290 2470 1.
3343 2389 3495 2479 ⁵12?th
3552 2397 3761 2492 ετξῖῐῆ,
3810 2393 4025 2498 quod
4072 2396 4221 2469 ele·

1030 2547 1298 2630 ganter
1349 2528 1644 2605 dictum
1695 2549 1807 2606 est
1852 2549 1932 2607 et
1980 2530 2203 2606 facile
2254 2531 2692 2617 intellectu,
2742 2532 2804 2607 si
2857 2531 3316 2617 meministi,
3367 2532 3564 2636 quid
3605 2533 3850 2608 valeat
3899 2531 4220 2637 proprie

1031 2692 1160 2770 Ἣ
1212 2670 1336 2766 (cf.
1381 2669 1503 2745 ad.
1539 2675 1599 2746 1.
1635 2667 1783 2770 57.)
1831 2669 2223 2774 explicant
2268 2669 2534 2746 scholl.
2589 2670 2732 2746 isto
2785 2669 2954 2744 loco
3001 2663 3164 2757 ατῑὲτς
3214 2697 3373 2773 quo
3429 2669 3625 2773 quid
3683 2670 4019 2747 ieiunius
4054 2667 4211 2745 dici

1035 2810 1370 2914 poterit?
1466 2811 1732 2912 Neque
1780 2833 1954 2883 vera
1997 2826 2108 2885 est
2157 2807 2725 2913 interpretatio,
2783 2806 2967 2909 quia
3022 2806 3415 2899 adventat,
3479 2807 3835 2885 nondum
3894 2806 4216 2885 advene—

1036 2968 1155 3026 rat
1200 2950 1762 3054 crepusculum.
1865 2952 2123 3053 Atque
2172 2948 2391 3025 hunc
2434 2947 2519 3023 in
2570 2945 2888 3024 modum
2939 2967 3342 3053 poetarum
3392 2949 3800 3051 elegantias
3843 2971 4215 3053 saepenu-

1033 3113 1248 3163 mero
1300 3089 1622 3164 omnino
1673 3089 2080 3193 expellunt
2127 3089 2343 3190 quasi
2397 3088 2615 3163 furca
2679 3112 2813 3161 sua
2866 3085 3312 3164 scholiastae
3371 3106 3449 3163 et
3514 3113 3795 3192 parum
3862 3105 4220 3164 accurate

1031 3224 1693 3326 interpretantur;
1750 3224 2255 3299 tralationum
2299 3226 2453 3299 vim
2505 3244 2602 3314 et,
2652 3242 2743 3298 ut
2793 3225 2899 3299 ita
2950 3223 3223 3315 dicam,
3285 3228 3622 3303 colorem
3671 3225 3995 3303 omnino
4049 3253 4211 3306 non

1038 3355 1339 3434 docent.
1441 3360 1619 3455 Quo
1668 3358 1786 3448 fit,
1849 3377 1940 3434 ut
1998 3359 2305 3437 minimi
2377 3358 2657 3436 faciam
2722 3361 3025 3463 singula
3090 3364 3274 3438 talia
3349 3365 4067 3468 interpretamenta,
4139 3380 4218 3441 et

1037 3495 1289 3569 multo
1336 3497 1511 3599 plus
1556 3494 1886 3570 fiduciae
1938 3523 2226 3602 ponam
2280 3498 2362 3573 in
2414 3517 2771 3574 accurata
2821 3500 3304 3602 singulorum
3347 3502 3765 3577 verborum
3799 3500 4222 3604 indagatio-

1037 3658 1136 3708 ne
1164 3688 1185 3721 ‚
1252 3634 1595 3736 legitimo
1661 3635 2188 3747 exemplorum
2253 3636 2460 3712 inter
2507 3661 2586 3711 se
2633 3656 3259 3741 comparatorum
3324 3665 3649 3716 numero
3722 3637 4217 3717 instituenda.

1041 3773 1298 3871 Quam
1344 3774 1541 3850 viam
1597 3773 1896 3878 ingredi
1949 3774 2353 3869 dehemus,
2400 3774 2594 3854 dum
2644 3774 3021 3854 desiderio
3075 3776 3413 3855 thesauri
3465 3780 3776 3883 linguae
3803 3777 3984 3857 iusti
4009 3776 4224 3856 satis·-

1042 3908 1336 3986 factum
1385 3913 1500 3987 sit.

1240 4056 1333 4126 In
1379 4050 1894 4129 exscribendis
1939 4051 2248 4129 scholiis
2294 4051 2480 4128 vitia
2529 4053 2956 4159 scripturae
2996 4073 3091 4130 ut
3139 4053 3377 4129 debui
3427 4048 3862 4135 emendavi,
3917 4070 4224 4156 praeter

1043 4195 1167 4277 ea,
1222 4215 1422 4292 quae
1472 4187 1574 4266 ad
1615 4188 1988 4267 Sandhim
2038 4189 2467 4295 pertinent,
2521 4214 2609 4264 eo
2665 4210 2922 4267 tamen
2974 4190 3453 4278 discrimine,
3497 4186 3743 4292 quod,
3787 4187 3929 4264 uhi
3980 4191 4224 4266 conti-

1047 4353 1209 4403 nuo
1259 4351 1610 4405 sermone
1655 4344 1985 4404 utantur
2030 4327 2512 4414 scholiastae,
2564 4330 2789 4405 verba
2841 4355 3112 4407 eorum
3158 4327 3257 4405 ad
3310 4329 3541 4405 iustas
3596 4325 4034 4432 euphoniae
4107 4352 4225 4403 re·

1045 4468 1263 4567 gulas
1310 4466 1814 4543 observandas
1864 4494 2340 4564 revocarem3
2389 4469 2528 4545 ubi
2582 4471 2855 4572 glossas
2904 4467 3230 4571 singulis
3269 4484 3539 4570 poetae
3587 4463 4063 4543 dictionibus
4101 4492 4228 4543 ex·

1048 4605 1434 4707 plicandis
1494 4626 1931 4713 apponant,
2018 4609 2384 4687 intactam
2444 4611 2728 4715 reliqui
2800 4609 3182 4686 librorum
3243 4606 3745 4711 scripturam3
3825 4605 4100 4697 imme,
4161 4609 4227 4684 si

1050 4765 1316 4818 meum
1362 4745 1581 4848 sequi
1633 4744 2015 4822 iudicium
2064 4750 2502 4840 voluissem,
2555 4749 2879 4826 omnino
2928 4745 3457 4852 expunxissem
3513 4745 3597 4821 in
3659 4745 3914 4846 glossis
3977 4763 4229 4825 muta·

1053 4879 1335 4970 tiones,
1385 4880 1709 4960 Sandhis
1758 4910 2014 4963 caussa
2061 4885 2141 4962 in
2195 4888 2473 4963 litteris
2523 4887 2770 4963 factas.
2872 4882 3308 4961 Faciuntid
3335 4881 3758 4987 saepissime
3785 4881 3969 4957 libri
4001 4907 4228 4959 accu-

1054 5018 1299 5095 ratius
1345 5023 1629 5099 exarati
1681 5041 1916 5127 atque
1966 5022 2391 5101 absurdum
2442 5023 2781 5116 videtur,
2850 5023 2990 5102 ubi
3058 5024 3277 5101 nulla
3331 5021 3434 5099 sit
3501 5020 3749 5120 oratio
3816 5019 4226 5104 continua.
