4935 5819
1469 518 1790 607 LATmE
1849 515 2358 612 CoNvmsus
2413 517 2581 614 VI.
2650 519 3116 612 12.--.V11.
3176 531 3259 609 8.
3786 531 3947 611 127

966 764 1273 831 Membra
1326 766 1732 833 ornamentis
1782 763 2045 846 induit,
2095 764 2272 833 foliis
2325 787 2522 837 vento
2578 791 3059 862 saepenumero
3110 771 3398 860 agitatis,
3462 788 3525 836 te
3587 768 3941 836 adventare
3963 769 4138 834 Cant.
4168 774 4262 838 12.

771 888 1174 977 suspicatur,
1236 906 1458 955 torum
1505 903 1893 981 praeparat,
1952 884 2155 981 longe
2203 888 2600 975 meditatur3
2669 914 2823 959 eum
2873 893 2943 958 in
2980 890 3260 958 modum
3313 893 3692 973 ornatione,
3748 888 4061 959 dubi-1¹.

770 1009 1054 1092 tatione,
1130 1010 1291 1078 lecti
1345 1012 1897 1105 praeparatione,
1963 1012 2260 1078 centenis
2325 1009 2829 1079 meditationum
2891 1010 3230 1079 illecebris
3305 1009 3465 1081 licet
3533 1032 3940 1105 occupetur,

770 1132 911 1198 sine
963 1150 1029 1200 te
1079 1151 1348 1201 noctem
1395 1131 1917 1227 haudquaquam
1968 1132 2351 1226 supervivet
2395 1132 2865 1227 pulce1·rima.«

965 1551 1188 1636 ”Quid
1243 1550 1459 1620 tardas
1511 1555 1583 1620 in
1645 1550 1848 1635 silva,
1913 1555 2120 1647 nigris
2171 1552 2595 1646 serpentibus
2649 1552 2897 1647 plena,
2967 1554 3089 1619 sub
3143 1553 3383 1621 arbore
3439 1553 3847 1633 thindirae,
3902 1557 4062 1619 012.

772 1673 1020 1741 frater?
1087 1699 1208 1741 cur
1268 1698 1406 1742 non
1469 1678 1642 1769 petis
1709 1674 1948 1743 laetam
2008 1672 2285 1742 Nandae
2363 1672 2637 1741 domum
2700 1675 2771 1740 in
2842 1690 3210 1765 conspectu
3270 1675 3641 1767 positam?«
3760 1677 3940 1742 Haec

769 1794 1042 1864 Radliae
1092 1797 1298 1865 verba
1349 1822 1430 1865 ex
1476 1821 1592 1865 ore
1643 1798 1907 1866 viatoris
1958 1817 2233 1892 recepta
2286 1822 2495 1892 quum
2567 1820 2792 1863 coram
2840 1795 3078 1862 Nanda
3138 1798 3516 1890 repetiisset
3566 1793 3942 1875 Govindas,

764 1919 1197 2008 praevaluere
1247 1923 1598 2004 oratione3‚
1651 1921 2132 2016 significatione
2180 1922 2432 2016 hospiti
2484 1945 2632 1988 sero
2686 1917 3041 1990 divertenti
3089 1919 3401 1988 benivola
3444 1918 3746 1988 refertae.

964 2236 1226 2302 Interea
1269 2236 1469 2316 luna,
1512 2237 1784 2329 pulcras
1836 2261 1983 2304 suas
2026 2237 2320 2304 maculas
2354 2236 2804 2318 manifestam,
2852 2240 3042 2329 quasi
3089 2256 3280 2304 notas
3323 2239 3652 2317 criminis,
3703 2239 3938 2304 itinere
3969 2250 4014 2308 1.

764 2355 1126 2423 multarum
1176 2356 1691 2424 secutuleiarum
1737 2358 2063 2451 impedito
2118 2358 2488 2439 commissi,
2540 2359 2888 2452 plagarum
2923 2362 3113 2453 quasi
3142 2358 3523 2453 puellarum
3573 2358 3767 2427 faciei
3815 2364 3944 2427 im·-

765 2480 981 2570 posita
1008 2529 1029 2561 ,
1078 2498 1396 2572 tanquam
1444 2479 1656 2572 figura
1716 2479 2050 2564 frontalis,
2111 2480 2379 2551 Santalo
2446 2484 2665 2576 picta,
2729 2482 3085 2552 illustravit
3147 2506 3426 2551 nemora
3475 2483 3941 2551 Vrindavanae

763 2604 995 2668 intima
1043 2599 1340 2669 reticulis
1381 2600 1744 2670 radiorum·

969 2724 1263 2817 Imagine
1332 2723 1531 2792 lunae
1593 2724 2051 2820 procedente,
2119 2725 2453 2797 retardato
2529 2725 2898 2796 Madhavae
2967 2728 3297 2811 adventu,
3367 2727 3597 2798 deha
3622 2781 3642 2812 ,
3710 2749 3932 2797 mente
3953 2738 4009 2796 2.

759 2849 1188 2939 perturbata,
1237 2847 1601 2944 multiplici
1644 2848 1817 2921 facta
1863 2850 2337 2922 lamentatione
2359 2901 2382 2936 ‚
2436 2853 2767 2921 cruciatus
2817 2875 2971 2921 suos
3026 2851 3205 2921 clara
3244 2876 3409 2922 voce
3458 2852 3932 2948 proclamavit:

960 2973 1231 3056 “Eheu,
1283 2975 1487 3055 eheu,
1544 2997 1632 3042 ne
1686 2974 2024 3071 designata
2077 2976 2354 3070 quidem
2401 2976 2573 3045 hora
2603 2967 3082 3044 Hareslucum
3107 2975 3290 3058 adiit,
3342 2977 3638 3046 iuventas
3682 2977 3932 3044 haecce
3953 2978 4123 3038 Cant.
4168 2979 4256 3039 13.

751 3119 922 3175 mea,
974 3095 1306 3164 fructibus
1361 3096 1583 3189 digna,
1637 3097 2050 3168 infructuosa
2097 3117 2430 3183 remanet3
2488 3097 2658 3192 quid
2705 3122 2889 3167 nunc
2937 3097 3230 3193 perfugii
3276 3096 3589 3166 relictum
3618 3115 3717 3167 est
3740 3078 4003 3177 mihi,3·

760 3217 1010 3282 amicae
1061 3239 1372 3285 sermone
1424 3215 1807 3312 deceptae?

952 3337 1164 3407 Cuius
1217 3337 1548 3432 sequendi
1603 3366 1832 3409 caussa
1881 3341 1986 3408 vel
2038 3340 2348 3408 silvarum
2399 3337 2797 3408 solitudines
2848 3365 2886 3406 a
2934 3363 3045 3407 me
3094 3342 3392 3409 visitatae
3437 3358 3624 3422 sunt,
3674 3342 3757 3406 ab
3809 3340 3926 3406 illo
3943 3345 4003 3404 4.

751 3457 955 3526 hodie
999 3461 1133 3528 hoc
1187 3485 1304 3529 cor
1350 3487 1578 3529 meum
1626 3465 1876 3556 sagittis
1927 3464 2168 3530 amoris
2215 3462 2630 3556 perfoditur3
2689 3458 2856 3556 quid
2901 3486 3084 3531 nunc
3134 3462 3424 3557 perfugii
3470 3461 3782 3531 relictum
3831 3483 3931 3529 est

751 3579 955 3661 mihi,
1000 3583 1249 3648 amicae
1302 3607 1613 3652 sermone
1664 3585 2038 3679 deceptae?

948 3703 1244 3771 Praestat
1287 3730 1443 3772 sane
1491 3709 1700 3791 morit,
1753 3705 1921 3800 quid
1973 3709 2126 3775 heic
2161 3731 2450 3799 corpore
2484 3711 2618 3774 iam
2646 3711 2844 3775 nimis
2881 3707 3227 3775 debilitato
3272 3710 3707 3800 separationis
3743 3707 3928 3772 flam·
3945 3716 4005 3777 5.

751 3848 927 3891 mam
979 3828 1329 3920 perpetior
1379 3825 1702 3896 demens?
1805 3829 1974 3922 quid
2027 3855 2206 3897 nunc
2257 3830 2548 3924 perfugii
2598 3827 2913 3896 relictum
2949 3847 3048 3896 est
3082 3830 3283 3910 mihi,
3336 3832 3585 3896 amicae
3618 3852 3926 3895 sermone

753 3948 921 4016 dece
975 3949 1123 4017 tae?

921 3974 1102 4153 PMe,
1155 4074 1358 4154 eheu,
1409 4097 1611 4140 verna
1661 4097 1793 4141 nox
1847 4072 2062 4139 dulcis
2110 4069 2531 4163 languefacit.
2607 4071 2759 4139 Alia
2786 4070 3117 4165 quaedam
3143 4070 3564 4151 muliercula,
3613 4072 3700 4137 ob
3746 4072 3920 4138 bene
3938 4079 3997 4146 6,

751 4220 783 4258 a
840 4219 909 4261 se
961 4215 1104 4263 acta
1153 4195 1395 4263 dilecta
1425 4249 1444 4278 ‚
1507 4198 1687 4265 Hare
1730 4196 1988 4266 fruitur.
2095 4195 2274 4282 Quid
2326 4196 2617 4288 perfugii
2658 4194 2967 4264 relictum
3040 4211 3139 4261 est
3188 4194 3395 4272 mihi,
3460 4195 3707 4260 amicae
3778 4216 3921 4259 ser-

749 4339 949 4385 mone
1005 4315 1374 4410 deceptae?

949 4435 1179 4518 Eheu,
1233 4436 1440 4518 eheu,
1492 4461 1615 4532 ego
1673 4442 1780 4505 cui
1825 4439 2170 4507 toleranda
2224 4457 2324 4508 est
2366 4441 2631 4509 flamma
2680 4437 2935 4508 doloris
2981 4438 3071 4506 ob
3125 4438 3491 4505 absentiam
3520 4439 3737 4519 Haris,
3772 4445 4001 4506 reor7.

753 4564 949 4626 etiam
1000 4583 1299 4652 gemmea
1352 4561 1519 4627 haec
1572 4580 2003 4644 ornamenta,
2053 4563 2343 4630 armillas
2401 4587 2554 4629 cum
2599 4561 2877 4642 ceteris,
2931 4583 3358 4653 summopere
3411 4584 3554 4627 esse
3604 4560 3924 4627 malefica.

756 4682 935 4766 Quid
986 4683 1279 4777 perfugii
1329 4682 1642 4751 relictum
1686 4704 1787 4753 est
1834 4687 2044 4768 mihi,
2095 4689 2344 4754 amicae
2391 4709 2700 4754 sermone
2744 4683 3121 4778 deceptae?

947 4807 1161 4874 Immo
1215 4825 1389 4874 serta
1439 4805 1632 4875 cordi
1675 4808 1988 4900 imposita
2037 4828 2316 4890 memet,
2370 4833 2543 4903 quae
2591 4808 2795 4877 flores
2838 4810 3086 4877 teneris
3116 4807 3436 4875 membris
3469 4810 4001 4903 aequiparem,8.

755 4930 1141 4994 interimunt
1205 4928 1527 4997 imitando
1599 4933 1860 5024 sagittas
1924 4932 2034 4999 dei
2104 4935 2528 5025 incorporei,
2606 4930 3002 5001 crudelitate
3079 4954 3489 5027 magnopere
3559 4931 3924 5026 gaudentis.

755 5050 934 5134 Quid
984 5050 1275 5144 perfugii
1327 5051 1634 5119 relictum
1687 5073 1786 5121 est
1836 5055 2033 5134 mihi,
2086 5055 2335 5120 amicae
2391 5079 2702 5122 sermone
2756 5054 3131 5149 deceptae?
