4935 5819
1021 478 1190 561 106
2293 463 2532 560 ῦίτΑ
2590 462 3006 560 Govmm

1143 879 1682 951 EPIMETRUM
1732 880 1854 948 DE
1898 880 2414 953 PARTICULA
2467 877 3135 953 CONDITIONALI
3179 875 3323 965 σὶῗς
3375 878 3523 948 AD.
3548 874 3667 948 XI.
3712 872 3952 947 ms'r.
4006 871 4071 950 5.

1231 1131 1288 1178 1.
1388 1107 1590 1183 Data
1641 1105 1790 1184 hac
1839 1106 2430 1214 opportunitate
2481 1102 2733 1182 dicam
2785 1103 2881 1181 de
2929 1101 3165 1180 huius
3216 1100 3646 1208 particulae
3694 1125 3843 1178 usu
3907 1098 3992 1177 in
4053 1100 4203 1179 lin-

1019 1256 1169 1336 gua
1219 1231 1636 1321 Sanscrita‚
1692 1248 1932 1308 totam
1982 1229 2511 1334 quaestionem
2565 1246 2823 1305 tamen
2872 1226 3111 1329 magis
3160 1224 3635 1329 attingendo,
3684 1251 3922 1328 quam
3959 1224 4204 1303 absol-

1019 1353 1309 1444 vend03
1363 1383 1545 1431 nam
1594 1353 1974 1457 quaedam
2011 1370 2234 1442 sunt,
2285 1376 2488 1457 quae
2522 1352 2724 1426 iusto
2764 1349 3077 1425 tractari
3118 1363 3559 1451 nequeunt,
3607 1346 3753 1421 nisi
3799 1348 4204 1450 praemissa

1024 1480 1180 1552 iam
1228 1477 1471 1553 fuerit
1520 1475 1941 1581 disputatio
1992 1474 2089 1552 de
2137 1474 2407 1552 ceteris
2472 1472 3130 1550 conditionalibus
3188 1469 3875 1547 coniunctionibus
3919 1462 4067 1560 ἐπὶ,
4115 1465 4229 1560 ἔτι,

1022 1617 1098 1674 et
1147 1623 1350 1700 quae
1397 1622 1666 1672 earum
1718 1598 1879 1672 vice
1925 1595 2323 1673 interdum
2373 1595 2736 1699 fungitur
2782 1618 2893 1671 w.
2993 1593 3402 1672 Materiam
3468 1592 3732 1696 itaque
3789 1591 4207 1669 disserendi

1024 1746 1241 1795 nunc
1290 1720 1773 1826 potissimum
1827 1746 2230 1823 congeram
2284 1738 2361 1797 et
2408 1718 2854 1824 disponam,
2904 1716 3201 1823 syntaxi
3254 1716 3719 1800 Sanscritae,
3764 1741 4001 1818 quam
4055 1715 4207 1791 iam

1023 1840 1326 1920 dudum
1377 1844 1847 1919 concinnare
1896 1845 2159 1949 coepi.
2210 1843 2642 1948 pleniorem
2694 1841 3122 1917 orationem
3170 1864 3559 1946 seponens.

1228 1992 1296 2045 2.
1395 1966 1516 2040 De
1590 1973 1888 2069 origine
1949 1967 2377 2072 particulae
2430 1970 2544 2052 m}
2609 1964 2998 2041 dubitatio
3064 1989 3215 2040 esse
3285 1964 3599 2068 nequit3
3678 1961 4055 2065 originem
4122 1988 4211 2037 ea

1028 2088 1263 2163 traxit
1313 2115 1357 2163 a
1424 2088 1760 2166 themate
1829 2089 2314 2195 pronominis
2375 2089 2716 2165 relativi:
2776 2111 2837 2161 a.
2960 2092 3062 2164 At
3126 2086 3576 2189 quaeritur,
3643 2083 4040 2187 quodnam
4115 2085 4216 2159 sit

1023 2209 1223 2285 affixi
1278 2234 1560 2311 genuS,
1610 2208 1822 2311 quod
1875 2208 2230 2285 additum
2292 2211 2409 2286 sit.
2509 2213 2581 2295 ff:
2644 2194 2890 2287 forma
2970 2226 3080 2285 est
3152 2234 3465 2313 prorsus
3540 2205 3889 2283 inaudita
3960 2230 4216 2309 neque

1024 2331 1422 2409 commode
1473 2358 1514 2406 e
1545 2354 1667 2429 ῦζ,
1711 2331 1976 2408 addito
2028 2333 2551 2438 pronominali
2602 2333 2936 2409 themate
2983 2354 3064 2431 ζ,
3110 2330 3440 2407 derivari
3492 2356 3703 2435 posse
3731 2328 4040 2405 videtur
4084 2332 4212 2413 uli.

1023 2455 1558 2562 Expectaveris
1602 2456 1811 2530 enim
1861 2458 2055 2545 Q,
2119 2482 2362 2560 aeque
2412 2475 2649 2560 atque
2697 2451 2817 2545 ’ἔτι
2846 2481 2936 2530 ex
2976 2478 3034 2525 a
3075 2473 3151 2531 et
3198 2477 3331 2553 a,
3375 2448 3489 2543 ἡ
3521 2478 3612 2526 ex
3656 2475 3706 2523 a·
3751 2469 3829 2528 et
3876 2473 3985 2551 :a
4014 2470 4217 2529 recte

1025 2580 1398 2684 explicuit
1449 2580 1593 2655 Vir
1645 2580 1845 2655 Clar.
1893 2580 2249 2684 Boppius.
2348 2583 2526 2655 Huc
2577 2578 2902 2669 accedit,
2950 2577 3165 2682 quod
3214 2579 3482 2653 nullae
3545 2593 3982 2679 congruant
4029 2601 4208 2652 cum

1025 2704 1137 2786 aff:
1178 2701 1469 2776 formae
1519 2718 1656 2776 aut
1709 2702 2238 2804 interrogativi
2302 2721 2441 2779 aut
2507 2701 3081 2779 demonstrativi
3148 2701 3666 2805 pronominis,
3727 2700 4084 2806 inprimis
4143 2701 4201 2775 si

1033 2838 1371 2926 reputes,
1418 2846 1510 2895 ex
1555 2823 1958 2927 posteriori
2009 2821 2370 2899 deductas
2417 2848 2569 2900 esse
2623 2850 2823 2930 quae
2884 2822 3318 2902 conditioni
3374 2823 3890 2931 respondeant
3939 2846 4208 2900 conse·

1032 2943 1332 3019 cutivae
1380 2947 1805 3049 particulae
1850 2968 1969 3031 πζῐ
2017 2965 2093 3022 et
2133 2968 2314 3035 m.

1223 3075 1295 3144 5.
1396 3074 1722 3172 Ignoro,
1775 3093 2048 3149 utrum
2094 3073 2599 3151 inveniantur
2664 3074 2749 3150 in
2807 3073 3085 3164 vedis,
3156 3097 3437 3163 necne,
3490 3086 3831 3145 vetustae
3904 3069 4215 3172 linguae

1025 3192 1379 3293 vestigia,
1433 3194 1722 3292 quibus
1772 3195 1984 3295 origo
2032 3195 2501 3271 conditionis
2538 3199 2650 3280 ui}-
2694 3197 3142 3301 explicetur.
3244 3196 3457 3271 Alios
3507 3212 3724 3269 testes
3769 3192 3831 3268 si
3884 3192 4218 3268 consuli-

1028 3341 1249 3400 mus,
1297 3344 1548 3391 unum
1607 3334 1910 3392 tantum
1963 3318 2223 3394 inveni
2271 3320 2571 3411 locum,
2623 3320 2764 3423 qui
2815 3317 2912 3394 ad
2964 3319 3169 3394 hanc
3210 3319 3735 3422 quaestionem
3784 3314 4017 3392 saciat
4065 3315 4217 3390 sive

1028 3439 1289 3541 potius
1338 3439 1588 3514 facere
1639 3440 2011 3517 videatur.
2116 3443 2249 3518 Est
2300 3443 2362 3516 is
2404 3443 2616 3517 Ram.
2668 3444 2777 3526 II,
2823 3448 2951 3538 48,
3019 3469 3132 3542 19:
3176 3431 3376 3513 ὲὲετπ
3418 3444 3531 3527 aii:
3572 3433 3675 3537 ἐζ
3716 3438 3852 3535 ῖιῑυ*
3894 3429 4217 3522 mauzia-

1026 3581 1270 3650 W·
1294 3584 1343 3631 Π
1370 3561 1530 3648 Ῠῗῖᾓ
1552 3555 1867 3634 ’ςῆῐέῐῇπῐᾶτ
1896 3586 2017 3662 &tr-
2044 3552 2152 3662 332
2184 3553 2438 3662 ξὸἦυῆτ
2473 3592 2484 3631 ¹
2544 3569 2859 3669 ”Atque‚
2895 3566 2954 3642 si
2982 3564 3335 3642 Cecei‘dos
3362 3562 3513 3640 hoc
3529 3565 3628 3640 sit
3661 3589 4009 3666 regnum,
4041 3565 4216 3638 nul-

1028 3682 1149 3758 lus
1201 3702 1370 3759 tum
1422 3685 1643 3761 nobis
1686 3687 1833 3761 erit
1882 3688 2082 3763 vitae
2130 3712 2312 3762 usus
2375 3706 2560 3764 etc.«
2688 3689 3019 3765 Reddidi
3068 3714 3411 3779 sensum,
3472 3714 3631 3790 quo
3680 3683 4209 3792 accipiendam

1028 3829 1178 3879 esse
1229 3807 1579 3881 voculam
1629 3801 1750 3895 ὲῑ
1792 3835 2003 3899 reor,
2056 3808 2428 3884 nimirum
2483 3834 2542 3883 ’ἠ-
2587 3838 2741 3890 esse
2789 3814 3189 3921 copulam,
3239 3811 3780 3913 &antiquam
3825 3826 3900 3886 et
3945 3807 4213 3914 primi·

1031 3926 1264 4002 tivam
1316 3930 1802 4033 pronominis
1854 3930 2181 4007 formam
2231 3960 2375 4036 pro
2426 3934 2698 4009 seriori
2742 3939 2848 4034 33.
2951 3934 3166 4010 Duas
3227 3958 3379 4009 esse
3443 3930 3925 4008 conditiones
3981 3927 4212 4003 simul

1031 4047 1312 4151 positas
1357 4075 1582 4124 nemo
1635 4077 1788 4126 non
1847 4052 2133 4128 infitias
2182 4054 2372 4136 ibit,
2425 4079 2675 4157 neque
2720 4056 2816 4129 ad
2870 4082 3068 4146 eam,
3115 4082 3352 4159 quam
3404 4057 3473 4148 §-
3519 4081 3580 4128 2.
3645 4054 3864 4156 attigi
3914 4068 4215 4127 senten·

1029 4170 1253 4256 tiam,
1307 4199 1705 4248 recurrere
1750 4175 1988 4260 volet,
2039 4175 2177 4279 qui
2233 4175 2872 4269 consideraverit,
2929 4207 3087 4256 non
3142 4179 3295 4255 dici
3349 4171 3589 4276 ῦὶὲζ
3639 4178 3809 4274 W,
3855 4173 3985 4254 sed
4035 4174 4215 4275 legi-

1030 4294 1213 4368 tima
1266 4319 1399 4369 sua
1456 4294 1698 4371 forma
1757 4296 2126 4373 indutum
2177 4324 2331 4375 esse
2377 4301 2508 4385 aff.

1225 4425 1293 4511 4.
1397 4419 1754 4493 Proxime
1804 4440 2206 4524 cognatam
2257 4424 2605 4527 linguam
2658 4427 2721 4502 si
2777 4426 2860 4503 in
2918 4425 3297 4502 auxilium
3361 4449 3718 4501 vocamus
3760 4419 4213 4503 Zendicam,

1028 4534 1331 4614 duabus
1380 4537 1647 4615 formis
1697 4543 2043 4618 variatur
2093 4542 2187 4619 de
2238 4573 2394 4647 qua
2441 4546 2844 4624 disseritur
2886 4549 3309 4654 particula:
3369 4548 3583 4651 yed‘i
3629 4564 3704 4623 et
3738 4549 3937 4649 yezi.
3988 4551 4041 4618 ὅ
4072 4570 4216 4650 pro

1025 4685 1074 4731 a
1128 4687 1377 4761 quum
1428 4663 2019 4741 attribuendum
2071 4666 2169 4743 sit
2215 4669 2644 4745 semivocali
2694 4669 3217 4755 antecedenti,
3267 4690 3404 4747 aut
3434 4671 3655 4773 jassi
3695 4687 3830 4744 aut
3864 4671 4052 4771 yazi
4095 4689 4219 4739 ve-

1031 4807 1196 4856 ram
1252 4783 1576 4861 formam
1628 4787 1924 4878 credas,
1983 4815 2272 4867 necesse
2331 4810 2459 4867 est.
2576 4791 2981 4899 Adspirata
3051 4812 3309 4870 autem
3380 4792 3707 4870 dentalis
3772 4811 3882 4867 est
3958 4790 4217 4865 littera

1024 4929 1116 4978 ex
1212 4930 1422 4982 more
1506 4908 1844 4986 Zendico
1885 4967 1904 4994 ,
1992 4913 2288 5017 quippe
2383 4939 2585 5017 quae
2674 4918 2877 4994 inter
2968 4916 3157 4995 duas
3236 4918 3526 4994 vocales
3604 4916 3971 4992 collocata
4059 4912 4213 4996 sit,

1011 5025 1233 5126 yad‘c‘
1304 5027 1565 5131 itaque
1632 5030 1728 5102 ab
1807 5033 2102 5134 origine
2155 5033 2358 5134 yadt‘
2420 5057 2533 5113 est
2596 5057 2674 5116 et
2727 5044 2912 5141 yazi
2985 5041 3425 5116 immutatio
3492 5036 3702 5144 apud
3779 5033 4219 5111 Bactrianos
