4935 5819
1880 492 2544 588 PaomoommA
2603 494 2775 587 III.
3816 527 3901 586 1x

706 736 1118 815 dammodo
1160 739 1670 843 coniungitur
1698 742 1836 818 XI.
1874 747 1961 838 ¹4
2005 766 2211 846 seqq.
2262 742 2404 818 ubi
2446 741 2756 820 duobus
2787 739 3226 845 compositis
3264 738 3624 846 expletur
3674 736 3901 816 dimi-

708 876 930 955 dium
983 878 1341 970 distichi,
1387 878 1489 956 ad
1537 878 1867 961 diversas
1918 900 2174 960 tamen
2229 905 2589 987 personas
2641 877 3079 956 referendis.

850 1015 1026 1095 ‚Ad
1097 1018 1419 1124 propria
1491 1018 1700 1097 hisce
1749 996 2071 1098 canticis
2118 1019 2514 1114 dictionis,
2580 1045 2977 1112 versuum,
3050 1017 3372 1097 musices
3444 1037 3903 1095 ornamenta

709 1155 1013 1233 accessit
1061 1157 1410 1246 saltatio,
1463 1159 1686 1237 cuius
1734 1158 2029 1238 diversa
2078 1185 2358 1262 genera
2411 1159 2828 1237 minutulis
2876 1156 3468 1236 definitionibus
3532 1176 3905 1235 enarrant

712 1295 1140 1388 variorum,
1187 1297 1326 1400 qui
1380 1296 1480 1374 de
1526 1297 1839 1401 Sangtta
1885 1300 2598 1391 circumferuntur,
2657 1297 3395 1376 commentariorum
3445 1295 3899 1374 conditores·

709 1440 956 1512 Immo
1000 1437 1383 1523 vestitum,
1436 1466 1594 1543 quo
1643 1440 1765 1516 uti
1811 1439 2086 1518 debeat
2134 1443 2220 1520 in
2268 1467 2491 1518 scena
2545 1441 2856 1545 quaevis
2903 1465 3231 1548 persona
3287 1465 3427 1549 pro
3476 1439 3902 1515 affectuum

704 1572 845 1675 qui
898 1573 1417 1654 exhibeantur
1463 1576 1919 1672 diversitate,
1971 1599 2329 1658 accurate
2379 1579 2849 1657 describunt.
2922 1581 3062 1654 Res
3109 1595 3224 1655 est
3261 1576 3338 1654 h.
3366 1578 3415 1655 l.
3469 1605 3515 1654 a
3562 1603 3688 1655 me
3740 1604 3902 1655 non

706 1715 919 1790 ultra
968 1715 1425 1794 enarranda.
1527 1717 1778 1796 Redeo
1830 1719 2096 1825 itaque
2143 1720 2242 1796 ad
2288 1716 2851 1822 Gitagovindae
2901 1717 3357 1803 cantilenas,
3406 1743 3745 1820 quarum
3779 1743 3901 1793 ar-

705 1872 1071 1954 gumenta
1120 1855 1569 1960 singulatim
1617 1885 2077 1966 proponam.
2176 1861 2483 1962 Prologi
2551 1858 2795 1936 instar
2856 1855 3265 1963 praemissa
3328 1873 3512 1933 sunt
3572 1846 3899 1933 disticha

720 1991 977 2069 1—25.
1046 1991 1241 2072 duos
1324 1995 1654 2102 hymnos
1728 1998 2247 2095 continentia,
2333 2025 2677 2104 quorum
2760 1997 2980 2104 prior
3053 1995 3448 2075 Vishnum
3525 1996 3900 2085 celebrat,

706 2131 986 2208 mundi
1040 2150 1416 2212 rectorem
1466 2154 1546 2214 et
1591 2155 2221 2232 sustentatorem,
2271 2141 2471 2218 alter
2519 2136 2619 2214 ad
2671 2136 3133 2226 Krishnam,
3183 2134 3618 2245 principale
3666 2132 3904 2211 huius

706 2271 1073 2349 carminis
1129 2295 1711 2378 argumentum,
1762 2295 1968 2356 totus
2013 2280 2372 2384 pertinet.
2474 2276 2890 2354 Praemissa
2939 2294 3128 2353 sunt
3186 2273 3499 2380 hymnis
3561 2292 3903 2377 quatuor

707 2405 1078 2499 disticha,
1121 2411 1218 2488 de
1260 2415 1551 2518 quibus
1591 2415 1858 2493 confer
1906 2417 2005 2494 sis
2051 2444 2252 2522 quae
2300 2421 2576 2497 monui
2627 2418 2713 2494 in
2761 2416 3287 2495 annotatione.
3389 2412 3903 2493 concluditur

708 2569 969 2628 autem
1018 2554 1386 2659 prologus
1435 2553 1764 2631 disticho
1808 2583 1945 2633 suo
1994 2558 2211 2634 finali
2257 2564 2316 2635 Ι.
2368 2558 2486 2634 25.

908 2689 1314 2766 Cantilena
1382 2690 1636 2795 prima
1702 2693 1992 2770 amicae
2052 2712 2198 2786 est,
2269 2723 2472 2801 quae
2533 2696 2922 2787 Badham‚
2983 2696 3398 2776 Krishnam
3467 2722 3610 2803 per
3672 2697 3895 2776 silvas

705 2828 1296 2932 quaeritantem,
1353 2830 1541 2908 facit
1581 2833 2027 2925 certiorem,
2079 2861 2260 2915 eum
2307 2837 2657 2918 saltando
2708 2865 2889 2917 cum
2930 2836 3211 2945 puellis
3264 2855 3515 2916 totum
3563 2863 3714 2917 esse
3766 2836 3895 2915 de·

707 2966 988 3047 ditum.
1045 2969 1263 3075 quod
1305 2993 1853 3078 argumentum
1905 2977 2220 3056 uberius
2261 2977 2757 3085 persequitur
2794 2977 3182 3054 cantilena
3225 2976 3574 3082 proxima
3609 2984 3662 3067 Ι,
3698 2982 3892 3054 38-

704 3108 850 3210 45,
901 3135 1103 3212 quae
1163 3130 1445 3215 quarta
1493 3133 1605 3190 est
1651 3114 1752 3189 ab
1811 3115 2061 3194 initio.
2181 3118 2500 3195 Cantica
2524 3120 2620 3195 V.
2672 3137 2751 3196 et
2774 3122 2907 3195 Vl.
2961 3120 3101 3209 (ΙΙ,
3158 3136 3370 3215 2—9.
3437 3132 3517 3191 et
3577 3109 3897 3209 11—18)

704 3245 1014 3325 Radhae
1060 3270 1282 3339 sunt,
1333 3250 1802 3330 desiderium
1854 3281 2084 3331 suum
2127 3254 2510 3333 Krishnae
2549 3273 2741 3333 ‘cum
2789 3254 3033 3332 amica
3086 3253 3522 3358 querentis,
3571 3277 3898 3356 eamque

700 3388 1071 3488 rogantis,
1122 3407 1216 3468 ut
1253 3390 1672 3470 Krishnam
1729 3389 2070 3469 reducat.
2149 3396 2553 3472 Cantilena
2580 3398 2753 3472 VII.
2792 3394 3171 3472 Krishnae
3212 3412 3358 3484 est,
3407 3394 3548 3497 qui
3584 3391 3896 3470 Radhae

698 3528 1143 3608 recordatus
1166 3531 1551 3636 queritur,
1595 3557 1768 3610 eam
1812 3532 2168 3636 neglectu
2197 3532 2565 3610 offensam
2598 3530 2868 3609 abiisse
2901 3536 3062 3624 (ΙΙΙ,
3090 3534 3405 3623 3—10.).
3435 3534 3689 3611 Cantt.
3705 3535 3896 3610 VIII

697 3687 778 3744 et
828 3671 937 3746 IX
984 3666 1173 3764 (IV,
1231 3698 1442 3772 2—9.
1494 3692 1574 3749 et
1642 3669 1962 3766 11—18)
2011 3670 2111 3747 ad
2155 3673 2482 3747 amicam
2533 3673 2975 3776 pertinent,
3040 3695 3299 3747 coram
3360 3668 3694 3746 Krishna
3763 3667 3895 3745 de-

700 3804 1079 3885 siderium
1126 3835 1285 3913 quo
1333 3812 1749 3889 conficitur
1768 3808 2035 3887 Radha
2087 3809 2672 3914 depingentem3
2725 3806 2995 3883 itidem
3049 3808 3383 3883 cantt.X
3423 3824 3500 3883 et
3527 3808 3636 3882 XI
3686 3803 3814 3902 (V,
3846 3835 3889 3882 2

706 3951 877 4023 —6.
927 3966 1005 4024 et
1054 3947 1368 4046 8—15),
1419 3950 1707 4054 quibus
1750 3947 1850 4024 ab
1902 3947 2147 4024 amica
2212 3947 2627 4025 exhibetur
2682 3946 3051 4024 Krishnas
3107 3962 3405 4022 amatae
3468 3944 3895 4025 absentiam

701 4103 781 4163 et
805 4087 1002 4164 iram
1037 4087 1323 4181 dolens,
1343 4108 1579 4193 atque
1606 4107 1923 4194 rogatur
1947 4086 2236 4173 Radha,
2268 4104 2362 4164 ut
2390 4112 2572 4164 eum
2603 4087 2873 4163 visitet.
2928 4084 3195 4164 Radba
3226 4105 3490 4164 autem
3520 4088 3895 4191 languore

702 4221 1051 4300 confecta
1103 4227 1520 4334 procedere
1560 4255 1811 4333 quum
1864 4226 2265 4329 nequiret,
2318 4223 2563 4300 amica
2613 4221 2711 4298 ad
2740 4222 3157 4300 Krishnam
3209 4246 3536 4316 reversa,
3581 4222 3896 4301 Radhae

700 4362 1240 4441 condicionem*
1276 4369 1489 4444 canit
1523 4385 1729 4445 cant.
1758 4369 1932 4443 XII.
1968 4364 2129 4461 (VI,
2162 4360 2436 4465 2-9.).
2498 4363 2759 4438 Dilato
2785 4360 3164 4437 Krishnae
3187 4357 3549 4453 adventu,
3599 4362 3893 4438 lamen-

702 4519 918 4579 tatur
943 4502 1245 4594 Radha‚
1295 4530 1373 4580 se
1419 4505 1519 4580 ab
1551 4508 1797 4583 amica
1847 4506 2078 4583 fuisse
2120 4504 2552 4611 deceptam,
2606 4517 2807 4578 cant.
2835 4503 3026 4577 XIII
3076 4499 3276 4596 (Vll,
3304 4497 3602 4594 3—10.)
3619 4532 3641 4595 3
3695 4500 3892 4576 tuita

702 4639 984 4730 deinde
1032 4643 1355 4719 amicam
1406 4644 1571 4720 sine
1599 4644 1934 4723 Krishna
1980 4670 2357 4723 reversam
2406 4660 2486 4718 et
2532 4640 2947 4746 suspicata,
2999 4664 3178 4715 eum
3224 4636 3423 4713 alius
3469 4660 3732 4713 amore
3777 4662 3894 4714 re—

706 4779 978 4868 tineri,
1028 4808 1286 4860 coram
1338 4782 1583 4858 amica
1634 4785 1997 4888 queritur
2045 4783 2496 4862 canu-XIV
2530 4798 2608 4856 et
2631 4780 2780 4856 XV
2817 4777 3021 4874 (Vll,
3072 4781 3355 4853 13—20
3392 4793 3470 4853 et
3506 4775 3891 4877 22—29.);

702 4913 1158 5021 felicemque
1210 4920 1613 5025 praedicat
1658 4922 1913 5014 illam,
1978 4947 2181 5026 quae
2230 4921 2611 5000 Krishnae
2674 4916 3036 5023 amplexu
3102 4913 3401 4992 fruitur
3450 4934 3652 4992 cant.
3704 4917 3892 4992 XVI

704 5050 908 5146 (Vll,
952 5057 1309 5159 ιδ’-59.)
1410 5059 1967 5138 Advenientem
2023 5086 2246 5138 mane
2287 5056 2703 5135 Krishnam
2751 5053 2944 5131 irata
2995 5052 3346 5160 increpat
3371 5051 3641 5131 Radha
3691 5070 3892 5130 cant.-

3433 5206 3487 5265 ll
