4935 5819
1880 480 2537 577 PROLEGOMENA
2595 483 2812 585 VII.
3055 504 3060 513 ’
3159 524 3164 533 ·
3626 520 3918 581 xxxvu

743 729 1527 833 obseffiaoe·Qulas3
1573 751 1776 834 quae
1830 746 2135 809 tantum
2184 726 2287 804 in·
2314 726 3286 837 iuncturavocabuloruni
3335 732 3459 810 ad'
3484 733 3918 838 legitimum

743 892 1045 947 sensum
1104 868 1595 946 efficiendum
1647 868 1852 949 inter
1898 892 1977 945 se
2018 864 2722 951 construendorum
2768 870 3028 949 locum
3085 870 3368 953 habere
3411 872 3720 978 possint.
3824 879 3919 954 In

746 1005 1217 1085 dictionibus
1278 1005 1747 1111 quibusdam
1812 1003 2236 1084 scribendis
2296 1005 2600 1085 variant
2657 1034 2958 1116 semper
3016 1009 3344 1107 codices3
3428 1037 3543 1088 ex.
3607 1040 3718 1117 gr.
3786 1040 3921 1091 no-

745 1147 962 1225 mino
1021 1168 1187 1237 εει,
1253 1147 1464 1235 afflet,
1522 1166 1712 1233 m,
1782 1143 2013 1221 modo
2088 1170 2232 1251 per
2288 1166 2376 1236 ετ,
2425 1144 2658 1223 modo
2727 1172 2869 1253 per
2926 1168 2985 1218 a
3042 1146 3414 1254 depictas,
3486 1168 3720 1239 tutet
3765 1170 3920 1239 δεῖ,

742 1305 911 1361 m
954 1302 1035 1363 et
1078 1306 1278 1375 W,
1325 1287 1443 1356 π’ἐιπ
1489 1303 1568 1363 et
1611 1288 1768 1372 ἰέιπ,
1821 1285 1997 1367 alia.
2101 1290 2197 1361 In
2241 1283 2530 1385 quibus
2577 1303 2949 1389 sequutus
2991 1314 3162 1364 sum
3207 1289 3476 1393 quovis
3522 1290 3691 1366 loco
3739 1289 3923 1367 scri·

743 1428 1058 1531 pturam
1107 1421 1392 1500 codicis
1440 1423 1777 1528 optimae
1830 1440 2096 1503 notae,
2164 1446 2263 1498 ne
2325 1423 2852 1527 praeiudicem
2893 1424 2988 1502 de
3053 1452 3181 1523 re,
3248 1452 3449 1530 quae
3513 1427 3772 1505 minus
3829 1453 3923 1505 ex

744 1564 1194 1643 Indicorum
1267 1563 1945 1667 grammaticorum
2004 1560 2297 1640 iudicio
2358 1562 2690 1669 pendeat
2718 1617 2742 1653 ,
2792 1591 3031 1668 quam
3105 1590 3198 1641 ex
3244 1585 3599 1644 accurata
3651 1594 3926 1672 cogna-

748 1724 1007 1783 tarum
1082 1706 1532 1809 linguarum
1594 1703 2201 1807 comparatione.
2327 1704 2510 1806 Cap.
2559 1706 2654 1781 V.
2727 1703 2931 1781 distt·
2987 1732 3073 1780 12
3130 1722 3209 1781 et
3269 1714 3381 1802 ¹4·
3441 1706 3643 1783 duae
3713 1710 3923 1786 inve·

744 1846 1086 1923 niuntur
1159 1845 1494 1937 litterae,
1553 1864 1603 1942 ῑ
1660 1859 1739 1920 et
1794 1864 1886 1931 z,
1948 1865 2148 1944 quae
2216 1839 2677 1936 Tricankuis
2735 1843 2979 1920 instar
3052 1843 3305 1936 istius,
3366 1845 3508 1947 qui
3571 1844 3815 1941 (Ram.
3867 1854 3922 1925 1.

743 1982 1068 2078 Lx.1s.)
1103 1982 1308 2057 inter
1346 1982 1647 2058 coelum
1681 1999 1760 2056 et
1790 1999 2070 2056 terram
2111 1977 2705 2075 distrahebatur,
2757 1983 2842 2060 in
2879 2009 3121 2058 unam
3147 2003 3444 2089 partem
3477 2011 3518 2059 a
3552 2011 3926 2088 gramma-

749 2122 940 2205 tica,
986 2121 1073 2199 in
1121 2123 1446 2201 alteram
1495 2147 1541 2196 a
1587 2119 1889 2197 ratione
1936 2144 2190 2197 versus
2239 2119 2680 2225 rapiuntur.
2780 2123 3173 2200 Nimirum
3227 2124 3401 2201 Indi
3439 2125 3539 2203 ‚in
3582 2127 3922 2202 versibus

745 2259 1162 2337 recitandis
1213 2288 1372 2338 non
1416 2259 1995 2363 grammaticam
2053 2258 2495 2350 observant,
2543 2280 3200 2366 consonantesque
3247 2264 3600 2339 vocabuli
3658 2265 3925 2343 finales

746 2400 1133 2477 vocalibus
1192 2400 1581 2504 sequentis
1642 2399 1846 2476 vocis
1919 2397 2274 2472 efferunt.
2389 2396 2623 2495 Quod
2708 2400 3163 2502 ubicunque
3231 2403 3285 2477 ii
3347 2403 3684 2500 faciunt,
3764 2407 3927 2483 istis

745 2539 1049 2619 duobus
1079 2541 1262 2621 locis
1283 2541 1451 2617 fieri
1481 2566 1638 2618 non
1661 2553 1925 2644 potest,
1950 2535 2151 2638 quin
2182 2533 2551 2612 faciamus
2571 2535 2742 2641 ipsi,
2768 2555 2861 2613 ut
2882 2539 3368 2616 concinentia
3393 2560 3737 2618 servetur
3763 2568 3929 2619 ver-

747 2708 1001 2759 suum.
1099 2682 1471 2758 Hercules
1520 2680 1783 2782 itaque
1831 2702 2080 2779 quum
2128 2699 2266 2778 ego
2315 2700 2475 2750 non
2524 2674 2667 2750 sim
2716 2700 3008 2780 neque,
3080 2677 3162 2754 in
3212 2679 3418 2755 bivio
3472 2680 3919 2770 collocatus,

750 2821 1282 2925 intelligerem,
1333 2842 1534 2923 quae
1563 2816 1684 2892 via
1716 2804 2026 2890 ¹virtutis
2067 2830 2271 2899 esset,
2321 2836 2524 2917 quae
2560 2812 2751 2904 vitii,
2804 2813 2889 2889 in
2930 2813 3180 2891 medio
3218 2817 3550 2903 constiti,
3598 2817 3920 2893 Herculi

749 2961 893 3063 qui
937 2960 1051 3037 sit.
1078 2978 1370 3036 rectam
1415 2958 1618 3033 viam
1661 2952 2209 3033 inveniendam
2261 2952 2728 3054 relinquens.

945 3100 1261 3173 Brevem
1314 3112 1621 3173 tantum
1667 3092 1765 3169 de
1814 3092 2129 3196 mystica
2164 3090 2533 3167 carminis
2575 3092 3215 3199 interpretatione
3236 3089 3671 3170 'sermonem
3705 3095 3920 3173 insti·

748 3238 902 3327 tui,
947 3237 1232 3314 certior
1281 3235 1544 3325 factus,
1594 3252 1906 3311 strenue
1957 3231 2404 3339 praeparari
2456 3258 2502 3306 a
2551 3231 2718 3311 viro
2757 3232 3278 3321 celeberrimo,
3330 3234 3924 3339 litterarumque

744 3375 1197 3454 Indicarum
1250 3376 1457 3453 inter
1506 3373 1769 3452 Gallos
1820 3372 2044 3474 longe
2093 3369 2604 3476 peritissimo,
2653 3371 2793 3473 qui
2858 3369 3061 3446 idem
3117 3368 3632 3448 Zendicarum
3704 3375 3924 3451 nobis

744 3517 1031 3594 exstitit
1078 3515 1643 3617 redintegrator
1689 3529 1767 3587 et
1811 3512 2254 3616 sospitator,
2316 3513 2778 3595 Βυιὶκουιηο,
2832 3509 3179 3584 criticam
3247 3509 3478 3585 totius
3524 3511 3922 3612 Bhdgava-

746 3662 1158 3755 lupar-dnae
1181 3653 1641 3746 editionem3
1690 3677 1849 3756 quo
1900 3675 2129 3755 opere
2179 3648 2479 3754 publici
2533 3647 2725 3725 iuris
2770 3647 2994 3738 facto,
3046 3648 3480 3725 accuratius
3501 3648 3621 3732 de
3671 3651 3808 3727 ista
3840 3677 3924 3726 re

746 3792 1398 3869 iudicarelicebit.
1446 3792 1604 3868 Vix
1652 3791 1861 3865 enim
1902 3788 2234 3864 dubium
2279 3806 2413 3874 est,
2454 3786 2654 3889 quin
2703 3810 2796 3860 ex
2844 3784 2992 3860 hoc
3039 3784 3253 3861 fonte
3304 3785 3703 3864 doctrinae
3743 3815 3923 3866 suae

744 3933 1121 4008 elementa
1163 3928 1530 4007 derivarit
1590 3926 2026 4033 Jayadevas.
2127 3930 2246 4005 De
2302 3923 2816 4032 mythologica
2872 3923 3253 4000 Krishnae
3301 3924 3621 4003 historia
3672 3928 3924 4004 obiter

744 4095 980 4175 supra
1034 4068 1367 4147 indicavi
1418 4067 1633 4172 quod
1673 4068 2020 4162 sentiam,
2072 4067 2252 4143 licet
2301 4064 2540 4170 probe
2587 4062 2841 4152 sciam,
2896 4088 3058 4137 non
3107 4061 3212 4136 ita
3254 4061 3590 4137 breviter
3636 4063 3923 4140 absolvi

745 4233 960 4314 posse
1003 4207 1205 4284 hanc
1252 4209 1816 4311 quaestionem,
1873 4207 2112 4311 ipsam
2156 4205 2606 4293 obscuram,
2659 4200 3005 4278 virorum
3058 4196 3460 4274 doctorum
3496 4200 3924 4277 hallucina-

751 4345 1094 4425 tionibus
1142 4346 1378 4446 magis
1425 4348 1659 4422 etiam
1709 4346 2215 4420 obscuratam.
2312 4350 2894 4447 Argumentum
2931 4340 3194 4440 itaque
3246 4356 3386 4426 est,
3438 4357 3576 4414 aut
3604 4341 3925 4417 omnino

745 4511 909 4563 non
952 4481 1527 4585 attingendum,
1581 4500 1722 4559 aut
1766 4499 2122 4557 accurate
2175 4479 2686 4558 tractandum.
2754 4481 2851 4554 In
2884 4504 3043 4581 quo
3086 4478 3227 4581 qui
3265 4478 3655 4553 elaborare
3698 4481 3924 4572 volet,

750 4622 813 4697 is
841 4619 942 4695 ad
976 4619 1220 4695 fontes
1246 4615 1544 4695 Indicos
1569 4618 1915 4723 primum
1948 4614 2313 4692 reducere
2344 4614 2659 4693 debebit
2688 4613 3309 4721 disputationem.
3355 4624 3458 4691 At
3488 4617 3699 4691 enim
3746 4644 3927 4695 vero

748 4760 887 4863 qui
940 4759 1026 4835 in
1074 4758 1222 4834 hac
1272 4783 1355 4834 re
1406 4755 1929 4859 investiganda
1994 4755 2286 4834 diversa
2340 4774 2687 4861 tempora
2748 4774 2826 4832 et
2888 4755 3178 4831 diversa
3240 4755 3582 4832 fontium
3649 4782 3927 4860 genera

750 4896 947 4988 iusta
996 4921 1153 4971 non
1204 4891 1645 4971 distinxerit
1692 4894 1914 4979 crisi,
1980 4912 2217 4970 totam
2274 4892 2624 4970 Indicam
2689 4894 3235 4996 antiquitatem
3300 4895 3534 4997 magis
3603 4897 3930 5000 caligine

752 5032 1126 5136 insolvet,
1170 5059 1406 5135 quam
1455 5031 1894 5109 illustrabit·
1997 5030 2231 5128 Quod
2284 5032 2692 5136 insigniter
2742 5029 3193 5135 nuperrime
3241 5031 3533 5108 factum
3600 5057 3756 5109 esse
3815 5038 3929 5109 in-
