4935 5819
1907 488 2570 585 Pitumnum-:m
2628 493 2751 586 11.
3819 529 3874 584 v

688 760 948 820 autem
1013 741 1152 818 ista
1218 739 1524 845 opinio,
1585 738 1649 816 si
1718 737 2236 816 conferuntur
2302 761 2428 831 ea,
2492 764 2695 844 quae
2762 738 2923 847 ipse
2989 737 3109 818 vir
3176 739 3653 819 doctissimus
3716 742 3868 818 alio

689 884 859 960 loco
920 880 1017 956 de
1079 877 1460 984 Jayadeva
1524 877 1840 955 ‹imerit-
1953 880 2689 983 Kuvalaydnandam
2751 882 3000 970 enim,
3063 883 3708 961 commentarium
3772 880 3872 957 ab

690 1021 1026 1124 Apyaya
1082 1019 1361 1094 Dtxita
1400 1016 1480 1113 ’³‘)
1547 1017 1632 1094 in
1700 1017 2182 1095 rhetoricum
2254 1019 2682 1126 Jayadevae
2742 1045 2975 1125 opus,
3044 1020 3657 1096 Cleandrcllokam
3702 1019 3871 1114 ²5³²3‘),

689 1157 1117 1249 conditum,
1164 1155 1413 1233 eidem
1456 1155 1618 1233 fere
1670 1159 1998 1263 tempori
2044 1158 2459 1247 adiudicat,
2501 1188 2658 1264 quo
2708 1160 2967 1236 vixisse
3011 1158 3285 1237 debeat
3318 1161 3757 1266 Jayadevas,
3806 1162 3866 1236 si

688 1322 773 1371 re
820 1323 996 1374 vera
1043 1296 1319 1375 assecla
1369 1296 1610 1374 fuerit
1653 1297 2226 1389 Ramfmandae3
2282 1301 2996 1406 Apyaya·Dixitam
3047 1301 3259 1377 enim
3314 1302 3540 1379 initio
3591 1300 3864 1390 XVIti,

688 1436 1271 1515 Ramanandam
1338 1439 1495 1514 fine
1542 1438 1750 1516 xvti
1805 1440 2049 1544 ponit.
2160 1441 2551 1516 Nimirum
2603 1446 2918 1546 Apyaya
2959 1441 3261 1518 Dixitas
3320 1442 3420 1517 ad
3480 1468 3724 1518 annos
3786 1468 3864 1545 p.

686 1577 868 1652 Chr.
923 1605 996 1654 n.
1048 1577 1252 1654 circa
1315 1578 1642 1654 MDXX·
1700 1596 1779 1654 et
1840 1579 2278 1656 MDXXVI.
2347 1576 2718 1670 refertur,
2786 1576 2940 1654 vid.
2988 1578 3212 1654 Wils.
3281 1577 3550 1652 theatr.
3618 1573 3863 1652 Indic.

686 1713 924 1818 praef.
978 1744 1053 1821 p.
1103 1718 1350 1792 XXII.
1399 1733 1479 1792 et
1523 1715 1857 1822 append.
1908 1721 2002 1792 11.
2058 1744 2130 1821 p.
2179 1721 2345 1793 388.
2446 1716 2701 1791 Maius
2768 1733 3030 1791 autem
3101 1716 3308 1790 inter
3385 1713 3866 1790 conditorem

686 1854 979 1958 operis,
1044 1871 1722 1958 enarratoremque
1797 1874 2227 1931 assumatur
2288 1855 2656 1958 temporis
2713 1854 3088 1958 spatium,
3173 1880 3464 1929 necesse
3539 1851 3863 1929 videtur.

683 1990 1000 2067 Accedit
1070 1990 1423 2082 traditio,
1498 1995 2065 2097 qualiscunque
2117 1994 2250 2068 illa
2300 1994 2437 2084 sit,
2507 2019 2747 2097 supra
2816 2010 3277 2082 memorata,
3353 1994 3563 2069 iuxta
3623 2018 3864 2094 quam

687 2128 971 2231 Bhojae
1033 2132 1229 2234 regis
1286 2158 1468 2209 aevo
1519 2134 1785 2238 paullo
1831 2134 2214 2209 recentior
2257 2131 2413 2207 dici
2470 2131 2795 2209 videtur.
2897 2134 3119 2231 Quae
3163 2133 3453 2240 optime
3504 2132 3865 2235 congruit

683 2294 861 2343 cum
914 2268 1021 2345 eis
1082 2293 1284 2372 quae
1346 2268 1666 2346 aliunde
1732 2268 1829 2345 de
1889 2267 2401 2346 Govardhana
2444 2272 2836 2375 explorata
2889 2271 3279 2349 habemus.
3378 2273 3606 2348 Diem
3657 2272 3868 2347 enim

682 2431 934 2508 quum
1016 2406 1302 2483 obierit
1372 2405 1648 2509 Bhojas
1712 2431 2162 2512 supremum
2231 2432 2487 2483 versus
2552 2436 2851 2484 annum
2915 2412 3079 2485 MC.
3146 2412 3410 2514 paullo
3493 2411 3870 2514 posterior

685 2544 842 2622 fuit
909 2571 995 2622 re
1062 2573 1241 2622 vera
1306 2546 1758 2651 Jayadevas,
1829 2546 1893 2621 si
1960 2544 2555 2637 Govardhanae,
2639 2543 3098 2620 duodecimo
3160 2546 3464 2622 saeculo·
3524 2546 3872 2624 florentis

688 2704 996 2790 poetae,
1072 2685 1263 2771 fuit,
1334 2686 1449 2761 uti
1513 2686 1672 2791 ipse
1729 2686 2022 2774 asserit,
2084 2685 2446 2787 aequalis.
2565 2690 2873 2787 ltaque,
2960 2703 3051 2760 ut
3123 2712 3503 2762 summam
3580 2714 3868 2791 ponam

686 2821 924 2899 huius
985 2823 1398 2915 orationis,
1457 2841 1536 2900 et
1597 2821 2159 2900 Govardhanae
2231 2822 2554 2912 mentio,
2622 2839 2700 2896 et
2764 2820 3144 2898 distichon
3199 2824 3288 2900 G.
3351 2826 3446 2898 G.
3507 2825 3697 2912 XII,
3751 2829 3865 2898 30.

687 2960 788 3039 ad
859 2988 1160 3039 annum
1225 2963 1661 3039 fereMCL.
1715 2962 1951 3037 refert
1997 2958 2505 3063 Jayadevam3
2578 2986 2720 3036 nec
2773 2961 2967 3036 tanti
3037 2960 3391 3035 habenda
3450 2987 3603 3036 esse
3664 2960 3869 3035 vide-

685 3118 819 3178 tur
870 3099 1188 3178 traditio
1238 3101 1424 3178 libri
1476 3101 1988 3207 popularibus
2047 3098 2334 3173 fabulis
2381 3095 2692 3183 referti,
2751 3096 3336 3183 Bbaktamalae,
3413 3115 3505 3173 ut
3559 3065 3648 3173 ea
3723 3098 3865 3173 im-

681 3257 1079 3345 pugnetur
1122 3259 1380 3318 nostra
1429 3242 1830 3318 sententia.
1899 3245 2153 3343 Atque
2192 3237 2570 3340 ‚congruit
2618 3263 2796 3311 cum
2850 3236 2995 3311 bac
3044 3252 3290 3311 aetate
3339 3234 3574 3309 etiam
3623 3233 3867 3339 poesis

680 3378 1015 3469 indoleS,
1085 3406 1288 3484 quae
1350 3380 1434 3456 in
1496 3377 2012 3484 Gitagovinda
2077 3379 2469 3467 cernitur,
2531 3403 2713 3455 aevo
2764 3378 3022 3483 potius
3070 3374 3573 3460 vindicanda,
3649 3373 3867 3478 quod

681 3518 1199 3610 Ratnavalim,
1273 3518 1875 3596 Vrihatkatbam
1935 3537 2015 3594 et
2076 3517 2357 3594 similia
2425 3534 2777 3622 poemata
2841 3516 3046 3592 nasci
3112 3514 3326 3591 vidit.
3444 3519 3594 3592 Pro
3658 3533 3868 3591 certa

682 3676 939 3734 tamen
977 3659 1435 3736 sententiam
1488 3685 1734 3734 meam
1781 3656 2179 3733 venditare
2229 3656 2445 3741 nole,
2499 3673 2576 3731 et
2622 3657 2991 3744 manebo,
3041 3674 3458 3758 antequam
3487 3654 3869 3731 diiudica-

682 3812 839 3869 tam
872 3796 1090 3872 litem
1124 3821 1490 3886 censeam,
1540 3796 1731 3871 dum
1765 3795 2404 3884 Cbandriilokam‚
2435 3793 2859 3896 Jayadevae
2891 3794 3128 3898 ipsius
3170 3819 3382 3896 opus,
3436 3811 3865 3897 perscruta-

685 3953 853 4011 tum
880 3934 1138 4020 fuerit,
1191 3935 1487 4041 quippe
1515 3935 1651 4038 qui
1683 3936 1807 4010 vix
1832 3933 2208 4020 dubitem,
2253 3936 2451 4039 quin
2484 3935 2984 4010 inveniantur
3018 3934 3102 4010 in
3128 3960 3217 4011 eo
3244 3932 3553 4020 indicia,
3577 3935 3864 4038 quibus

678 4074 1114 4151 accuratius
1162 4073 1350 4150 baec
1390 4074 1733 4176 quaestio
1781 4074 2090 4149 tractari
2142 4094 2396 4177 queat.
2496 4077 2871 4178 Dogmata
2912 4093 3171 4151 autem
3226 4075 3310 4152 in
3344 4075 3860 4179 Gitagovinda

677 4212 900 4289 obvia
970 4214 1051 4290 in
1111 4231 1566 4317 argumento
1614 4212 2156 4314 chronologico
2211 4240 2368 4288 non
2424 4210 2868 4295 adhibebit,
2923 4214 3062 4315 qui
3115 4212 3620 4301 intellexerit,
3684 4215 3862 4315 plus

677 4380 833 4429 una
911 4351 1511 4431 Vishnuitarum
1588 4370 1786 4428 secta
1859 4351 1966 4427 eis
2037 4376 2246 4457 posse
2318 4352 2435 4427 uti
2512 4350 2613 4426 ad
2679 4349 3139 4453 Jayadevam
3221 4350 3368 4426 sibi
3443 4350 3856 4428 vindican-

677 4491 891 4569 dum.
993 4494 1261 4596 Neque
1318 4492 1528 4570 enim
1594 4492 1943 4598 primum
1993 4518 2069 4568 a-
2107 4486 2606 4568 Ramananda
2683 4489 2994 4565 inventa
3057 4507 3167 4565 est
3230 4488 3620 4576 doctrina,
3701 4514 3856 4590 qua

799 4857 853 4931 ⁸³)
901 4856 1177 4939 Catalog.
1222 4858 1416 4918 Msstt.
1466 4855 1782 4917 Mackenz.
1828 4856 1923 4919 ed.
1977 4856 2083 4920 W
2074 4859 2249 4920 ilson.
2294 4861 2336 4919 1.
2396 4856 2534 4920 116.

761 4961 849 5041 **)
893 4963 1025 5023 Alia
1071 4963 1200 5025 eius
1244 4964 1478 5045 scripta
1521 4962 1860 5025 laudantur
1897 4964 2216 5031 Mackenz.
2258 4965 2450 5026 Catal.
2512 4968 2563 5027 1.
2624 4962 2724 5026 13.
2783 4972 2847 5025 et
2889 4961 2954 5023 in
3001 4962 3262 5046 praefat.
3315 4962 3719 5032 Colebrookii
3776 4968 3857 5031 ad

922 5070 1217 5154 Hitopad.
1260 5069 1411 5133 edit.
1442 5072 1702 5133 Srirfim.
1759 5069 2029 5155 denique
2070 5073 2135 5133 in
2170 5071 2305 5135 diss.
2349 5071 2426 5134 de
2454 5072 2762 5134 Vedanta.
2808 5071 2923 5134 Tr.
2955 5071 3094 5133 Soc.
3136 5071 3241 5134 As.
3284 5070 3486 5136 Lond.
3522 5073 3599 5135 11.
3644 5073 3707 5135 7.
3752 5073 3850 5138 10.
