4935 5819
1009 450 1117 510 xx
2267 414 2506 507 Gi‘rA
2567 414 2981 507 Govmmt

1008 690 1189 740 men
1233 688 1324 739 ex
1374 662 1744 769 opinione
1795 660 2081 740 Jonesii
2134 660 2393 768 potius
2441 677 2628 737 esset
2680 655 3080 764 ponenda3
3131 674 3213 735 at
3259 673 3443 735 sunt
3493 684 3743 761 quum
3792 654 3945 732 alia
3993 680 4196 760 quae

1014 802 1488 908 impediant,
1546 830 1707 907 quo
1759 803 2017 878 minus
2067 803 2152 879 in
2205 802 2408 877 hanc
2458 796 2842 878 discedam
2902 798 3405 885 sententiam,
3469 817 3637 873 tum
3715 795 4199 902 potissimum

1013 940 1191 1030 hoc,
1253 940 1466 1046 quod
1530 940 1957 1017 remedium
2006 941 2106 1018 sit
2148 940 2456 1027 naama,
2524 966 2683 1042 quo
2749 958 3253 1015 coerceantur
3302 937 3885 1040 imaginationes
3933 962 4201 1011 rerum

1012 1080 1408 1159 sensilium
1443 1079 1607 1175 (111.
1655 1079 1765 1176 ι.).
1819 1079 2162 1156 Remedii
2197 1097 2456 1155 autem
2490 1077 2570 1152 id
2604 1078 2701 1153 ab
2751 1077 3112 1153 omnibus
3137 1076 3428 1153 Indicis
3465 1074 3940 1182 philosophis
3975 1074 4198 1179 poni÷

1021 1237 1151 1295 tur
1217 1219 1302 1294 in
1369 1223 1797 1318 cogniu‘one
1846 1218 2052 1307 veri,
2119 1237 2197 1293 et
2264 1217 2687 1294 tenendum
2739 1237 2879 1308 est,
2945 1216 3468 1294 meditationis
3532 1241 3809 1320 genera
3871 1212 4203 1291 attribui

1020 1356 1331 1432 Badhae
1358 1360 1491 1433 VI.
1527 1379 1639 1433 11.
1683 1357 1776 1432 cf.
1828 1383 2085 1463 supra.
2147 1354 2415 1431 Radha
2472 1357 2711 1460 igitur
2755 1384 2843 1432 ex
2890 1359 3262 1463 opinione
3305 1384 3471 1433 mea
3524 1376 3635 1434 est
3683 1356 4202 1454 contemplatio

1018 1495 1415 1583 numinis,
1467 1513 1636 1586 aut,
1688 1496 1750 1573 si
1795 1497 2076 1581 mavis,
2129 1495 2688 1601 pulcritudinis
2742 1517 2819 1574 et
2872 1496 3370 1600 benignitatis
3434 1494 3763 1572 divinae.
3842 1497 4202 1569 Contem-

1017 1635 1260 1739 platio
1314 1635 1528 1710 enim
1576 1652 1723 1725 est,
1787 1661 1989 1739 quae
2049 1654 2389 1712 mentem
2447 1636 2827 1713 abstrahit
2885 1664 2928 1711 a
2990 1636 3219 1711 rebus
3260 1634 3627 1719 externis,
3677 1635 3777 1709 ab
3835 1633 4206 1736 imagina-

1020 1772 1361 1848 tionibus
1424 1772 1863 1863 fallacibus,
1955 1796 2280 1875 eamque
2342 1770 2647 1848 reducit
2712 1771 2809 1847 ad
2871 1773 3560 1850 considerationem
3633 1798 3930 1860 rerum,
4005 1796 4208 1874 quae

1018 1913 1177 1988 sola
1252 1911 1486 2015 digna
1562 1931 1749 1990 sunt
1826 1911 2337 1989 consideratu.
2466 1913 2701 2016 Fugit
2776 1931 2855 1990 et
2927 1912 3289 2019 repudiat
3366 1912 3917 2019 contemplatio
3998 1936 4212 1987 men-

1024 2073 1176 2128 tem
1217 2053 1562 2129 sensibus
1614 2078 2049 2158 possessam,
2120 2052 2424 2128 obviam
2480 2054 2539 2130 it
2610 2072 2689 2130 et
2734 2072 3005 2159 sponte
3059 2054 3317 2130 invisit
3365 2072 3739 2145 mentem,
3787 2051 3934 2126 sibi
3989 2048 4211 2125 devo·

1021 2212 1198 2283 tam,
1250 2190 1909 2294 quemadmodum
1958 2190 2226 2269 Radba
2267 2191 2705 2267 Krisbnam.
2784 2192 3258 2268 Pulcerrima
3311 2209 3421 2268 est
3467 2208 3739 2296 utpote
3793 2211 3995 2294 quae
4044 2212 4213 2263 rem

1021 2331 1576 2435 pulcerrimam
1626 2329 2084 2407 intuendam
2135 2331 2534 2436 praebeat,
2603 2329 2948 2408 divinam
2995 2332 3344 2408 numinis
3413 2349 3809 2418 naturam3
3879 2326 4214 2428 benigna

1019 2487 1166 2564 est,
1221 2495 1422 2573 quae
1471 2471 1587 2545 vel
1639 2495 1804 2547 sero
1854 2471 1953 2545 ab
1996 2472 2520 2549 errationibus
2571 2470 2933 2548 reducem
2979 2471 3321 2546 animam
3372 2468 3706 2574 hospitio
3740 2492 3878 2543 suo
3925 2465 4212 2568 dignet.

1023 2611 1257 2685 Dolet
1306 2628 1567 2685 autem
1615 2610 2175 2715 separationem
2232 2639 2278 2686 a
2338 2630 2629 2695 mente,
2704 2611 2789 2687 in
2857 2638 3013 2714 qua
3084 2611 3337 2689 inerat
3388 2610 3591 2714 ipsa,
3639 2626 4063 2711 antequam
4124 2604 4211 2681 in

1027 2747 1472 2825 mundanae
1500 2750 1696 2826 vitae
1726 2750 1924 2826 vices
1971 2749 2107 2826 illa
2151 2768 2337 2828 esset
2384 2750 2689 2855 delapsa
2705 2782 2725 2843 3
2770 2768 3007 2852 atque
3059 2748 3210 2823 hoc
3256 2766 3366 2823 est
3410 2745 3861 2851 mysterium
3905 2743 4203 2832 amoris,

1025 2888 1168 2991 qui
1221 2888 1428 2964 inter
1479 2907 1815 2966 mentem
1856 2908 1937 2968 et
1985 2890 2715 2998 contemplationem
2747 2887 3192 2978 intercedit,
3242 2886 3456 2993 quod
3485 2913 3715 2978 mens,
3765 2887 3948 2963 licet
3988 2884 4211 2963 blan-

1022 3024 1420 3103 dientibus
1468 3054 1832 3105 sensuum
1884 3031 2463 3108 oblectamentis
2513 3029 2993 3107 distrahatur
3017 3048 3093 3106 et
3121 3031 3334 3106 vanis
3365 3027 3936 3131 imaginationis
3964 3025 4212 3103 fictio-

1025 3165 1258 3240 nibus
1309 3185 1767 3271 occupetur,
1822 3196 1982 3244 non
2028 3171 2348 3246 omnino
2408 3170 2686 3276 perdat
2735 3171 3189 3246 memoriam
3253 3167 3796 3258 beatitudinis,
3860 3189 4061 3270 quae
4125 3190 4217 3241 ex

1023 3304 1468 3407 cognitione
1518 3307 1860 3384 veritatis
1912 3309 2431 3414 percipiatur,
2485 3328 2563 3387 et
2613 3328 3044 3387 revertatur
3097 3306 3409 3386 tandem
3462 3305 3563 3383 ad
3625 3303 4218 3382 discriminatio·

1028 3465 1240 3531 nem,
1294 3468 1494 3545 quae
1546 3443 1851 3519 fallacia
1900 3445 2057 3522 sint
2117 3446 2205 3521 in
2251 3471 2549 3538 amore,
2599 3472 2800 3550 quae
2857 3471 3035 3522 vera
3086 3464 3164 3522 et
3207 3446 3350 3522 isto
3404 3444 3722 3521 nomine
3766 3442 4023 3547 digna.
4123 3450 4215 3520 ln

1027 3582 1681 3688 contemplatione
1721 3604 1982 3662 autem
2032 3585 2313 3663 amoris
2361 3604 2474 3664 est
2522 3611 2760 3691 genus
2810 3585 3109 3691 patiens
3157 3582 3536 3690 (patiendi
3605 3581 3876 3660 docilis
3927 3579 4220 3658 dicitur

1029 3718 1296 3796 Radha
1338 3725 1471 3799 IV.
1523 3720 1705 3819 πμ),
1758 3752 1917 3828 quo
1966 3744 2393 3832 exspectet,
2444 3725 2638 3802 dum
2687 3722 2788 3800 ad
2837 3723 3317 3829 semetipsam
3356 3740 3790 3800 revertatur
3837 3746 4053 3798 mens
4077 3743 4221 3797 nec

1030 3861 1647 3965 pulcritudinem
1720 3891 1938 3942 suam
2011 3866 2376 3971 praebeat
2451 3862 3129 3969 contemplandam
3202 3863 3492 3950 menti,
3561 3863 3711 3937 nisi
3780 3861 3942 3966 ipsa
4005 3885 4222 3937 mens

1029 4019 1301 4105 sponte
1330 4028 1465 4078 sua
1493 4005 1679 4080 alias
1704 4005 2248 4111 occupationes
2274 4025 2582 4112 respuat
2612 4024 2690 4083 et
2713 4004 2875 4081 solo
2904 4002 3061 4078 veri
3089 4001 3371 4078 amoris
3412 3997 3788 4076 desiderio
3841 4016 4216 4077 teneatur.

1029 4142 1393 4218 Reversae
1441 4162 1702 4220 autem
1753 4143 1851 4219 ad
1901 4170 1978 4221 se
2029 4146 2271 4221 menti
2322 4144 2679 4250 impertit
2734 4170 3115 4221 summam
3162 4140 3578 4231 laetitiam,
3626 4167 3783 4243 qua
3831 4139 3973 4244 qui
4022 4138 4222 4246 poti-

1033 4298 1157 4356 tus
1210 4280 1352 4371 sit,
1422 4282 1585 4358 eius
1632 4282 2105 4360 satisfactum
2153 4281 2254 4361 sit
2303 4281 2742 4375 desideriis,
2814 4284 3195 4385 nullaque
3245 4297 3693 4358 remaneant
3740 4298 3952 4372 vota,
4018 4302 4222 4382 quae

1030 4419 1189 4495 sint
1251 4418 1628 4525 explenda
1690 4419 1854 4518 (ζῆ-τ
1900 4424 2074 4497 XII.
2118 4389 2282 4517 ni).
2380 4424 2726 4500 Mentem
2775 4441 3042 4504 autem,
3085 4421 3327 4497 solam
3370 4437 3579 4496 amat
3627 4415 4220 4524 contemplatio,

1033 4559 1220 4660 quia
1267 4561 1426 4637 sola
1473 4561 1573 4638 sit
1623 4586 1873 4652 mens,
1926 4561 2056 4637 cui
2108 4562 2433 4639 facultas
2487 4559 2665 4639 data
2715 4561 2816 4639 sit
2858 4557 3463 4664 contemplandi.

1231 4702 1438 4774 Haec
1488 4701 1730 4802 igitur
1771 4720 1882 4779 est
1928 4728 2021 4777 ex
2063 4702 2435 4807 opinione
2484 4700 2808 4806 quidem
2849 4724 3018 4776 mea
3070 4698 3436 4777 carminis
3482 4697 3718 4774 huius
3764 4695 4222 4801 significatio

1037 4832 1480 4922 recondita,
1542 4864 1744 4941 quae
1805 4841 1950 4916 sub
2005 4839 2288 4916 amoris
2358 4840 2827 4944 imaginibus
2892 4840 3102 4920 satis.
3142 4840 3437 4919 lascivis
3508 4840 3763 4916 lateat.
3887 4835 4226 4917 Videtur

1038 4974 1359 5053 omnino
1409 4995 1634 5084 poeta
1687 4979 1866 5087 plus
1914 4978 2167 5086 operis
2217 4980 2550 5087 posuisse
2602 4981 2686 5059 in
2732 4977 3237 5087 depingendis
3294 4979 3579 5070 amoris
3638 4977 4227 5056 condicionibus

4883 190 4904 409 Q?-
4877 60 4888 113 ““““
