4935 5819
1559 519 1889 608 Larum
1936 511 2444 609 Convensus
2491 513 2710 621 vll.
2761 522 3139 606 22-31.
3786 520 3947 604 129

966 764 1245 833 Vultum
1288 783 1581 846 amatae,
1632 763 1974 858 voluptate
2026 762 2506 846 exhilaratum,
2548 761 2725 830 labia
2770 762 2860 830 ad
2910 760 3393 831 osculationem
3437 760 4272 856 conglomeran-Caut.15.

771 908 943 969 tem,
995 906 1190 956 ornat
1237 886 1392 970 ille,
1447 886 1727 982 capillos
1779 908 2082 972 erectus,
2139 890 2215 956 in
2277 886 2500 955 fronte
2564 908 2798 953 musco
2865 885 3154 978 pingens
3212 881 3518 950 Tilakam
3538 935 3560 966 ,
3631 903 3949 979 tanquam
3965 877 4063 938 22·

768 1011 1023 1105 leporis
1072 1012 1431 1104 imaginem
1481 1014 1555 1078 in
1597 1011 1796 1097 luna3
1846 1012 2105 1083 lascivit
2151 1036 2336 1081 nunc
2383 1011 2459 1078 in
2506 1032 2786 1078 nemore
2823 1005 3100 1090 insulae,
3151 1007 3452 1074 Yamuna
3498 1008 3951 1093 circumfluae,

769 1134 1165 1202 victoriosus
1209 1133 1447 1201 Murae
1496 1135 1725 1202 hostis.

967 1252 1048 1319 In
1097 1251 1298 1321 nodis
1352 1278 1581 1325 comae
1631 1282 1764 1350 qua
1819 1257 2303 1326 circumfluitur
2351 1254 2570 1325 vultus
2620 1253 2927 1350 puellae,
2993 1254 3435 1322 emicantibus
3489 1257 3679 1348 quasi
3731 1278 3769 1320 e
3825 1278 3953 1321 nu·
3974 1259 4071 1322 23.

771 1373 926 1442 bilis
981 1380 1425 1461 coacervatis,
1491 1397 1809 1473 tanquam
1857 1381 1931 1447 in
1979 1379 2138 1448 luco
2185 1377 2501 1447 dorcadis
2554 1403 2681 1446 ceu
2728 1379 3031 1459 Amoris,
3081 1375 3227 1471 figit
3268 1375 3667 1445 Kuruvakae
3713 1377 3956 1445 florem

770 1518 1254 1584 coruscantem,
1307 1501 1514 1571 veluti
1546 1502 1840 1591 fulmen3
1902 1503 2160 1574 lascivit
2199 1526 2383 1570 nunc
2413 1502 2488 1570 in
2518 1527 2796 1571 nemore
2837 1496 3114 1582 insulae,
3163 1500 3466 1566 Yamuna
3498 1501 3951 1597 circumfluae,

771 1624 1165 1691 victoriosus
1214 1626 1454 1693 Murae
1504 1627 1735 1695 hostis.

965 1745 1048 1812 In
1099 1746 1296 1816 firmo
1349 1749 1767 1842 geminarum
1813 1748 2225 1843 papillarum
2276 1745 2500 1827 coelo,
2547 1743 2735 1839 quod
2783 1746 2996 1812 musci
3046 1743 3407 1836 fragrantia
3467 1739 3825 1811 inductum
3887 1763 3953 1812 et
3971 1750 4067 1814 24.

769 1869 1091 1960 unguium
1152 1871 1441 1964 vestigiis
1506 1872 1697 1964 quasi
1763 1871 2081 1938 cornibus
2145 1868 2344 1937 lunae
2411 1884 2718 1937 ornatum
2784 1887 2923 1950 est,
2986 1867 3511 1962 hypothymiada
3583 1869 3952 1950 unionum,

769 1989 1112 2063 stellarum
1165 1994 1664 2085 congregationi
1702 1992 2011 2076 similem,
2063 1994 2314 2085 iungit;
2364 1989 2622 2059 lascivit
2671 2014 2853 2059 nunc
2904 1992 2975 2057 in
3006 2014 3281 2059 nemore
3322 1991 3602 2079 insulae,
3650 1992 3954 2059 Yamuna

770 2113 1238 2197 circumfluae,
1291 2116 1683 2185 victoriosus
1727 2118 1965 2185 Murae
2016 2117 2247 2185 hostis.

964 2235 1046 2301 In
1102 2237 1396 2304 brachiis
1458 2236 1809 2319 mollibus,
1877 2238 2205 2329 fragmina
2266 2238 2593 2303 fibrarum
2647 2237 2927 2303 mollitie
2992 2237 3497 2328 superantibus,
3568 2240 3641 2302 in
3712 2260 3944 2304 manus
3966 2244 4063 2305 25.

769 2358 958 2449 quasi
1007 2359 1080 2422 in
1123 2357 1282 2425 solia
1332 2359 1864 2452 nymphaea-um
1914 2356 2409 2441 desinentibus,
2457 2359 2628 2425 nivis
2671 2359 2880 2425 instar
2927 2355 3294 2449 frigidulis,
3349 2357 3671 2451 expandit
3718 2362 3950 2426 armil-
3998 2410 4009 2423 ‚

767 2478 862 2543 las
914 2478 1436 2573 smaragdineas‚
1483 2499 1798 2574 tanquam
1843 2481 2182 2573 geminum
2239 2505 2444 2575 apum
2497 2504 2809 2562 examen3
2862 2478 3121 2548 lascivit
3165 2502 3349 2547 nunc
3393 2480 3464 2546 in
3515 2503 3819 2571 nemore·
3844 2483 3951 2547 in-

769 2599 950 2669 sulae
970 2653 992 2684 ,
1045 2603 1346 2671 Yamuna
1396 2603 1824 2671 circumfluae
1849 2650 1880 2685 5
1914 2604 2307 2675 victoriosus
2357 2603 2596 2670 Murae
2647 2604 2874 2672 hostis.

965 2726 1245 2794 Femina
1266 2777 1288 2810 ,
1370 2725 1790 2796 domicilium
1855 2729 2138 2810 amoris,
2213 2727 2532 2795 thronum
2610 2726 2721 2795 dei
2786 2730 3204 2822 mentigenae
3230 2779 3251 2810 ‚
3330 2730 3511 2796 coxis
3579 2730 3948 2822 turgentia,
3970 2731 4068 2795 26.

739 2847 989 2926 ‚induit
1050 2849 1371 2934 amiculo,
1442 2849 1950 2945 circumdatque
2010 2874 2176 2920 zona
2241 2851 2520 2944 gemmis
2572 2848 2914 2931 distincta,
2964 2847 3205 2917 fibulas
3255 2847 3633 2943 indignata3
3694 2847 3953 2920 lascivit

764 2997 945 3040 nunc
995 2975 1068 3040 in
1119 2999 1397 3044 nemore
1436 2975 1714 3058 insulae,
1757 2977 2060 3042 Yamuna
2112 2975 2562 3054 circumfluae,
2607 2973 3000 3042 victoriosus
3036 2972 3275 3038 Murae
3327 2973 3557 3039 hostis.

961 3093 1427 3188 Nymphaeam
1475 3094 1710 3189 pedis,
1754 3097 2090 3189 unguibus
2142 3119 2268 3164 ceu
2315 3096 2597 3189 gemmis
2648 3112 2988 3176 ornatam,
3041 3092 3235 3163 cordi
3281 3117 3435 3175 suo,
3488 3116 3639 3187 quo·
3663 3095 3941 3162 Kamala
3961 3104 4057 3166 27.

761 3215 1059 3297 habitat,
1111 3219 1526 3311 impositam,
1578 3217 1801 3286 induit
1847 3218 2003 3288 fuco
2052 3216 2391 3299 Yavaltae,
2445 3218 2638 3309 quasi
2688 3215 3048 3307 tegimento
3101 3232 3414 3298 extern03
3464 3213 3723 3283 lascivit
3758 3238 3944 3282 nunc

757 3337 850 3412 in,
879 3360 1158 3406 nemore
1210 3338 1498 3422 insulae,
1548 3342 1886 3408 Yamunae
1930 3341 2398 3421 circumfluae,
2448 3338 2844 3405 victoriosus
2896 3337 3134 3402 Murae
3185 3337 3413 3403 hostis.

955 3461 1140 3526 Dum
1202 3461 1409 3530 frater
1468 3464 1635 3531 vafri
1685 3462 2103 3531 Haladharae
2168 3482 2597 3553 summopere
2662 3455 2954 3524 delectat
3011 3455 3499 3550 pulcricomam
3561 3458 4057 3552 quandam,28.

761 3577 930 3672 quid
981 3597 1112 3646 tam
1165 3578 1366 3676 longe
1412 3606 1536 3676 ego
1590 3582 1835 3652 frustra
1887 3603 1953 3652 et
2001 3582 2285 3652 laetitiae
2337 3584 2537 3673 inops
2585 3601 2841 3650 morata
2906 3605 3056 3649 sum
3104 3582 3257 3648 heic
3309 3586 3382 3649 in
3446 3585 3702 3677 gremio
3748 3587 3940 3651 vimi·

759 3700 951 3768 neti?
1054 3702 1208 3785 dic,
1258 3728 1299 3771 o
1365 3708 1592 3771 amica.
1690 3707 1979 3774 Lascivit
2044 3729 2227 3774 nunc
2286 3707 2359 3771 in
2415 3728 2694 3774 nemore
2755 3703 3045 3782 insulae,
3113 3704 3415 3772 Yamuna
3476 3705 3938 3787 circumfluae,

761 3825 1154 3892 victoriosus
1198 3826 1436 3893 Murae
1480 3827 1706 3910 hostis.

956 3944 1058 4012 Ne
1113 3944 1360 4040 degant
1405 3947 1580 4014 mala
1631 3972 1714 4016 ex
1763 3971 1925 4018 aevo
1970 3947 2154 4016 Kalis
2205 3953 2428 4044 genita
2476 3953 2579 4030 in,
2611 3973 2770 4043 rege
2834 3967 3090 4031 vatum,
3158 3949 3530 4044 Jayadeva,
3594 3978 3937 4046 praecone
3953 3960 4057 4024 29.

761 4071 1079 4136 virtutum
1129 4071 1361 4155 Haris,
1429 4072 1802 4166 interprete
1868 4097 2205 4160 amorum,
2277 4072 2632 4142 adoratore
2680 4070 2940 4165 pedum
2987 4070 3563 4143 Madhusudanae.
3655 4078 3944 4151 Lascivit

758 4215 940 4259 nunc
991 4194 1063 4258 in
1107 4217 1381 4261 nemore
1429 4195 1725 4279 insulae,
1775 4198 2077 4264 Yamuna
2132 4198 2600 4280 circumfluae,
2654 4200 3047 4269 victoriosus
3099 4200 3333 4265 Murae
3384 4200 3615 4268 hostis.

956 4314 1030 4384 Si
1073 4313 1271 4381 fallax
1318 4313 1471 4398 ille,
1522 4318 2024 4386 misericordiae
2077 4344 2339 4415 experS,
2390 4343 2431 4388 o
2486 4324 2716 4403 amica,
2760 4345 2900 4389 non
2951 4319 3250 4401 advenit,
3301 4337 3413 4402 tu,
3462 4325 3742 4406 nuncia,
3796 4329 3939 4393 ani·
3955 4328 4059 4392 30.

756 4463 869 4507 mo
923 4463 1045 4506 cur
1089 4439 1413 4533 angeris?
1516 4438 1589 4508 Si
1637 4443 1917 4507 amasius
1969 4440 2085 4508 ille
2133 4464 2260 4535 pro
2312 4438 2507 4509 libito
2560 4441 2937 4535 divagatur,
3003 4439 3173 4535 quid
3220 4442 3295 4507 in
3347 4464 3427 4509 eo
3478 4468 3515 4508 a
3567 4462 3629 4511 te
3692 4470 3939 4540 pecca-

763 4562 919 4627 tur?
1019 4563 1199 4629 Ecce
1226 4614 1247 4645 ‚
1297 4586 1488 4630 mens
1539 4586 1727 4645 mea,
1781 4561 2012 4632 dilecti
2057 4564 2408 4632 virtutibus
2459 4582 2772 4645 attracta,
2826 4564 3014 4657 quasi
3069 4588 3453 4658 erumpens,
3505 4559 3763 4661 quippe
3816 4568 3939 4636 de—

761 4682 1021 4751 sideriis
1072 4687 1273 4752 nimis
1331 4704 1590 4768 vexata,
1641 4687 1789 4779 ipsa
1837 4711 2020 4755 nunc
2071 4687 2338 4757 obviam
2367 4669 2549 4768 ‘ibit,
2600 4704 2675 4754 ut
2717 4686 3068 4755 conveniat
3117 4710 3290 4753 eum.

956 4807 1112 4874 Non
1162 4809 1374 4875 uritur
1417 4807 1533 4874 illa
1582 4810 1655 4874 in
1703 4806 1881 4877 lecto
1931 4811 2465 4904 nymphaearum
2496 4810 2866 4890 recubans,
2918 4833 3090 4902 quae
3144 4808 3568 4895 exhilaratur,
3613 4835 3655 4881 o
3706 4817 3939 4896 amica,
3960 4808 4260 4877 canalo.

760 4928 844 4994 ab
895 4926 1049 5009 illo,
1126 4932 1243 5023 qui
1312 4933 1553 5024 agresti
1600 4928 1853 4999 corolla
1926 4935 2222 5013 cinctus,
2305 4931 2517 5002 oculis
2586 4931 2794 5001 resert
2867 4931 3319 5026 nymphaeam
3385 4931 3677 5018 fuscam,
3746 4955 3941 5006 vento
3959 4913 4063 4977 3¹·

763 5055 1088 5146 agitatam.
3462 5053 3471 5062 ’

3430 5187 3536 5266 17
