4935 5819
1525 1679 3105 1782 PROLEGOMENA.

946 2166 1003 2237 Ι.
1131 2144 1618 2265 «Ῑαγαάὄναε,
1697 2162 1919 2239 cuius
1998 2187 2306 2239 carmen
2371 2159 2918 2263 Gitagovinda,
2984 2160 3035 2235 i.
3104 2188 3166 2236 e.
3239 2189 3398 2266 quo
3475 2165 3911 2243 celebratur

729 2296 1119 2376 Govindas
1160 2302 1278 2375 vel
1308 2300 1695 2385 Krishnas,
1747 2301 1842 2378 cf.
1867 2302 2040 2389 XII,
2076 2306 2187 2376 28.
2237 2296 2730 2377 aWilhelmo
2766 2297 3078 2374 Jonesio
3097 2301 3416 2402 Anglice
3460 2329 3911 2380 conversum

725 2435 905 2513 satis
968 2435 1380 2528 inclaruit,
1459 2464 1706 2542 pauca
1774 2454 2080 2513 tantum
2156 2434 2251 2509 de
2309 2436 2710 2540 semetipso
2782 2438 3214 2515 testimonia
3282 2443 3693 2518 memoriae
3761 2462 3913 2520 tra-

730 2573 964 2664 didit3
1014 2599 1218 2678 quae
1267 2574 1623 2677 colligere
1666 2592 2007 2679 oportet,
2054 2588 2473 2675 antequam
2524 2595 2611 2646 ea
2655 2570 3112 2659 referamus,
3173 2600 3374 2678 quae
3434 2574 3530 2651 de
3592 2602 3681 2654 eo
3742 2579 3915 2655 aliis

724 2740 816 2790 ex
867 2711 1214 2789 fontibus
1262 2731 1403 2789 aut
1451 2737 1536 2789 re
1577 2738 1754 2790 vera
1807 2713 2302 2789 innotuerint
2347 2731 2488 2789 aut
2534 2710 2873 2788 veritatis
2920 2712 3257 2818 quadam
3325 2715 3571 2820 specie
3626 2718 3906 2798 induta

727 2855 876 2932 hoc
929 2854 1244 2932 nomine
1294 2850 1817 2932 venditentur.
1917 2858 2029 2931 Ae
2065 2853 2412 2960 primum
2455 2849 2774 2956 quidem
2829 2853 2987 2959 ipse
3037 2852 3293 2944 docet,
3350 2879 3428 2932 se
3479 2856 3906 2939 oriundum

726 2995 954 3071 fuisse
1004 3021 1047 3069 e
1096 2990 1586 3085 Kinduvilva,
1636 3021 1796 3099 quo
1848 2993 2164 3070 nomine
2208 3013 2480 3070 utrum
2525 2991 2737 3067 vicus
2787 2992 3114 3094 intelligi
3170 2991 3482 3082 debeat,
3528 3023 3628 3072 an
3680 2998 3904 3075 fami-

724 3136 826 3210 lia
877 3133 1392 3226 sacerdotalis,
1446 3133 1959 3241 disceptatum
2011 3158 2289 3237 neque,
2338 3131 2401 3207 si
2454 3152 2736 3205 nomen
2780 3145 2889 3202 est
2934 3127 3113 3218 loci,
3166 3149 3555 3234 appareat,
3602 3134 3682 3210 in
3720 3159 3908 3238 qua-

726 3301 906 3349 nam
956 3274 1055 3350 sit
1102 3270 1370 3348 Indiae
1421 3272 1821 3379 provincia
1876 3266 2427 3375 indagandum.
2530 3270 2720 3343 Rem
2768 3268 3089 3344 minime
3138 3266 3562 3375 expediunt
3588 3272 3911 3349 scholia-

722 3432 878 3489 stae
897 3446 919 3507 3
978 3410 1129 3488 vid.
1186 3411 1285 3487 ad
1341 3415 1487 3496 111,
1549 3435 1656 3487 ιο.
1761 3410 2095 3487 Edoctus
2159 3411 2418 3486 fuerat
2480 3410 2832 3484 Jonesius
2905 3405 3052 3502 (Cf.
3102 3413 3252 3485 Ass,
3306 3411 3497 3486 Ress.
3552 3413 3684 3487 111.
3748 3417 3908 3492 183.

723 3547 844 3624 ed.
901 3545 1178 3645 Lond.)
1242 3547 1433 3626 duas
1497 3550 1727 3627 fuisse
1787 3550 2003 3626 istius
2056 3547 2391 3624 nominis
2456 3548 2541 3622 in
2593 3545 2815 3622 India
2877 3548 3140 3637 urbes»,
3199 3574 3439 3625 unam
3493 3549 3911 3655 Kalingen-

724 3713 919 3774 sem,
980 3688 1302 3764 alteram
1352 3687 2013 3776 Burdvanensem,
2065 3688 2164 3763 ab
2219 3688 2453 3765 huius
2510 3705 2769 3763 autem
2823 3687 3097 3763 incolis
3162 3688 3535 3765 celebrari
3582 3692 3909 3795 Jayade-

724 3854 898 3903 vam
969 3845 1342 3931 tanquam
1399 3827 1859 3932 popularem
1898 3823 1998 3919 ²²7.
2099 3827 2442 3904 Tertiam
2517 3823 2856 3901 eiusdem
2924 3823 3258 3902 nominis
3323 3827 3600 3905 urbem
3653 3831 3733 3907 in
3777 3835 3909 3907 Ti-

728 3966 1096 4043 rabhukti
1156 3966 1312 4043 sive
1362 3965 1759 4072 provincia
1821 3962 2248 4042 Mithilensi
2316 3983 2643 4048 exstare,
2710 3964 2994 4040 certior
3057 3963 3306 4043 factus
3369 3993 3541 4044 sum
3604 3996 3650 4045 a
3713 3970 3909 4048 Viro

728 4106 1283 4195 illustrissimo,
1329 4107 1879 4196 Comnnoomo,
1930 4132 2089 4208 quo
2140 4106 2270 4197 fit,
2325 4122 2418 4181 ut
2465 4103 2698 4180 etiam
2747 4102 3223 4183 Mithilenses
3271 4105 3540 4184 eodem
3582 4135 3741 4214 quo
3789 4137 3910 4188 oe-

732 4242 874 4318 teri
942 4244 1313 4347 poematis
1359 4245 1526 4322 loeo
1592 4242 1812 4329 freti,
1890 4261 2195 4348 poetam
2250 4260 2601 4321 nostrum
2669 4244 2815 4321 sibi
2892 4264 3272 4348 arrogent.
3396 4248 3694 4340 Verba,
3763 4277 3905 4355 pro

731 4468 955 4479 ,ου-..σῴ-

712 4635 717 4644 *
852 4615 907 4690 ⁴)
954 4613 1256 4677 »Kanelate
1298 4615 1408 4692 (sie
1451 4615 1641 4681 hodie
1671 4618 2057 4682 contrahunt
2094 4625 2341 4698 nomen)
2389 4643 2573 4707 many
2610 4625 2852 4689 believe
2895 4639 2964 4691 to
3008 4631 3088 4693 be
3136 4632 3200 4692 in
3239 4587 3538 4716 Kalinga,
3580 4635 3699 4696 but
3737 4635 3906 4700 since

972 4721 1156 4785 there
1197 4723 1247 4783 is
1289 4743 1325 4783 a
1362 4731 1534 4785 town
1576 4726 1650 4787 of
1681 4748 1718 4787 a
1756 4728 1989 4790 similar
2023 4750 2204 4791 name
2244 4730 2308 4791 in
2349 4732 2695 4812 Burdvan,
2741 4736 2848 4801 the
2888 4742 3125 4802 natives
3164 4741 3239 4802 of
3284 4741 3424 4804 that
3465 4745 3648 4826 plaee
3699 4746 3904 4824 insist,

976 4827 1117 4890 that
1161 4828 1267 4892 the
1307 4829 1488 4893 fineet
1534 4830 1692 4915 lyrie
1732 4843 1889 4915 poet
1924 4835 1999 4897 of
2034 4835 2205 4898 India
2249 4857 2370 4900 was
2414 4840 2578 4902 their
2618 4852 3072 4929 conati-ymen,
3117 4846 3240 4909 and
3282 4849 3597 4915 celebrate
3631 4854 3695 4914 in
3739 4852 3907 4916 hon..

979 4956 1102 4996 our
1141 4936 1214 4997 of
1246 4935 1379 5000 him
1421 4960 1502 4999 an
1548 4940 1777 5002 annual
1820 4939 2082 5024 inhibe,
2124 4945 2367 5031 passing
2412 4971 2447 5009 a
2491 4948 2699 5011 whole
2741 4949 2919 5034 night
2955 4952 3019 5014 in
3061 4957 3493 5040 representing
3535 4959 3629 5023 his
3684 4959 3904 5024 drama

977 5043 1099 5107 and
1138 5046 1204 5105 in
1244 5045 1487 5132 tinging
1528 5047 1623 5110 his
1667 5048 1972 5112 beautiful
2013 5071 2241 5135 mags.-

3476 5196 3505 5250 1
