4935 5819
1914 463 2574 561 PROLEGOMENA
2630 468 2797 563 VI.
3732 501 3932 561 xxm

744 731 908 805 tur,
961 713 1187 792 cuius
1232 732 1320 791 ea
1371 729 1484 791 est
1515 709 1973 817 benignitas,
2016 727 2113 789 ut
2158 711 2552 790 sincerum
2591 710 3077 789 adoratorem
3124 729 3397 817 sponte
3439 676 3932 791 excellentiae

742 878 923 931 suae
973 834 1267 931 'visione
1308 851 1689 931 laetificet.

942 994 1009 1067 E
1055 1008 1456 1097 systemate
1506 989 1772 1093 itaque
1822 987 1971 1065 hoc
2019 988 2558 1098 philosophico
2599 990 2951 1070 Radham
3000 991 3259 1097 potins
3309 991 3725 1094 imaginem
3783 1019 3931 1069 nu-

746 1130 1022 1214 minis,
1065 1129 1311 1206 menti
1354 1128 1704 1220 insitam,
1766 1124 2271 1207 meditatione
2337 1127 3021 1235 contemplandam
3080 1154 3230 1206 esse
3298 1128 3620 1217 dixeris,
3692 1157 3931 1234 quam

745 1270 990 1374 ipsam
1040 1268 1800 1376 contemplationem.
3093 1350 3100 1357 ἡ

947 1413 1148 1486 Utut
1195 1409 1386 1487 haec
1433 1408 1622 1501 sint,
1674 1406 1759 1484 id
1803 1406 2045 1485 dubio
2092 1426 2338 1499 caret,
2380 1407 2730 1484 fabulam
2778 1407 3409 1512 mythologicam‚
3462 1435 3621 1512 qua
3664 1405 3932 1484 docea-

750 1571 881 1628 tur
935 1548 1074 1627 ista
1121 1547 1731 1626 Vishnuitarum
1781 1546 2166 1638 doctrina,
2218 1548 2317 1623 ab
2369 1548 2600 1625 initio
2650 1545 2870 1623 aliud
2916 1546 3114 1652 quid
3147 1547 3625 1650 significasse,
3677 1545 3759 1621 id
3802 1565 3932 1640 est,

747 1690 846 1765 ab
881 1687 1181 1792 origine
1227 1687 1451 1765 istam
1501 1685 1848 1764 fabulam
1899 1684 1995 1762 de
2038 1711 2333 1777 amore,
2385 1686 2801 1765 Krishnam
2852 1690 3059 1765 inter
3104 1707 3182 1764 et
3213 1687 3562 1763 Badham
3612 1688 3935 1763 interce-

749 1827 1018 1924 dente,
1069 1828 1570 1932 excogitatam
1620 1855 1778 1905 non
1833 1826 2099 1919 fuisse,
2150 1845 2245 1904 ut
2291 1828 2573 1906 mentis
2622 1828 3011 1906 humanae
3058 1827 3436 1933 separatio
3496 1855 3543 1903 a
3611 1825 3940 1902 numine

750 1985 986 2073 atque
1034 1966 1134 2043 ad
1185 1966 1269 2044 id
1322 1967 1648 2044 reversio
1697 1967 2271 2053 inculcaretur,
2320 1964 2451 2042 sed
2501 1985 2767 2045 contra
2817 1964 2917 2043 ad
2965 1965 3316 2042 fabulam
3364 1965 3823 2070 popularem
3857 1991 3938 2055 ‚a

749 2109 1177 2186 maioribus
1238 2105 1606 2185 traditam
1660 2125 1741 2184 et
1805 2106 1962 2183 iam
2019 2105 2373 2182 universe
2434 2120 2821 2208 receptam
2896 2103 3283 2208 applicata
3355 2101 3585 2179 fuisse
3654 2100 3940 2208 placita

751 2246 1437 2352 philosophorum,
1485 2262 1581 2322 ut
1629 2262 1936 2351 praeter
1973 2244 2309 2348 vulgaris
2357 2243 2642 2319 amoris
2683 2243 2897 2319 lusus
2950 2243 3253 2346 gravior
3310 2242 3636 2346 quidam
3683 2267 3943 2319 sensus

753 2385 872 2461 illi
923 2385 1504 2462 attribueretur.
1606 2387 1751 2460 Res
1799 2403 1910 2463 est
1956 2410 2003 2461 a
2051 2409 2223 2461 meo
2272 2382 2669 2489 'proposito
2718 2381 3007 2465 aliena,
3056 2399 3136 2456 et
3182 2381 3336 2457 alio
3370 2382 3539 2458 loco
3591 2380 3945 2457 evincen-

754 2521 874 2597 da.
974 2520 1067 2599 Id
1117 2522 1517 2598 observare
1565 2523 1831 2610 liceat,
1883 2521 2303 2597 Krishnam
2363 2519 2464 2595 ab
2516 2518 2817 2621 origine
2877 2516 3105 2594 fuisse
3170 2535 3605 2624 pastorum,
3654 2537 3941 2595 terram

756 2660 1291 2771 Surasenicam
1343 2661 1890 2753 incolentium,
1942 2659 2180 2737 deum
2225 2659 2347 2736 vel
2406 2658 2722 2735 heroem
2785 2659 3278 2764 popularem,
3336 2657 3478 2762 qui
3538 2675 3947 2763 postquam

758 2827 805 2875 a
857 2798 1311 2877 Brahmanis
1360 2826 1522 2877 non
1573 2801 1942 2906 potuisset
1998 2826 2162 2878 non
2211 2797 2495 2904 recipi,
2558 2797 2768 2874 inter
2843 2796 3507 2902 incorporationes
3573 2796 3949 2876 Vishnuis

761 2938 1050 3015 relatus
1092 2937 1211 3014 sit.
1308 2939 1572 3015 Tertia
1623 2937 1965 3042 denique
2008 2937 2389 3014 Krishnae
2435 2955 2548 3014 est
2595 2954 2834 3021 aetas,
2887 2963 3139 3039 quum
3157 2938 3552 3015 Vishnum
3601 2939 3769 3015 loco
3800 2964 3938 3018 suo

753 3077 975 3182 quasi
1028 3075 1414 3183 depellere
1465 3078 1848 3184 inceperit
1892 3096 1971 3156 et
2021 3076 2236 3183 apud
2286 3077 2714 3183 permultos
2762 3075 3001 3153 unius
3048 3074 3174 3152 dei
3226 3096 3482 3183 partes
3529 3077 3678 3154 sibi
3732 3104 3945 3154 arro-

753 3239 930 3318 gare
979 3212 1391 3292 studuerit.
1492 3214 1713 3312 Quae
1762 3213 2026 3292 omnia
2071 3232 2276 3290 recte
2334 3211 2706 3319 explicari
2773 3232 3222 3316 nequeunt,
3280 3213 3428 3292 nisi
3487 3233 3567 3293 et
3630 3232 3789 3294 tota
3847 3212 3942 3290 de

752 3353 1131 3431 Vishnuis
1183 3353 1943 3462 incorporationibus
1995 3352 2372 3447 doctrina,
2416 3372 2496 3431 et
2542 3354 3007 3459 significatio
3061 3353 3575 3455 traditionum
3619 3380 3819 3459 quae
3858 3355 3943 3431 in

753 3492 1130 3570 Bharatea
1172 3496 1615 3602 superstites
1671 3496 1863 3584 sint,
1928 3493 2315 3572 elucidata
2377 3493 2643 3573 fuerit.
2751 3494 3327 3575 consideranda
3381 3498 3615 3576 etiam
3663 3497 3940 3588 forent,

755 3655 956 3732 quae
1006 3658 1051 3708 a
1101 3633 1413 3710 Graecis
1457 3633 1553 3709 de
1598 3634 1931 3710 Hercule
1977 3633 2252 3713 Indico
2292 3635 2577 3741 scripta
2631 3636 3022 3738 leguntur.

956 3773 1092 3846 VI.
1190 3768 1764 3848 Revertendum
1808 3797 2027 3849 nunc
2073 3770 2175 3848 ad
2238 3773 2605 3849 carminis
2656 3774 2898 3850 nostri
2964 3775 3295 3852 formam
3355 3801 3450 3851 ac
3524 3774 3948 3852 dicendum

757 3907 1077 4015 quidem
1121 3926 1234 3988 est
1282 3907 1378 3986 de
1426 3916 1715 4001 metriS,
1766 3938 2107 4016 quorum
2155 3911 2603 3991 varietatem
2661 3932 2777 3992 sat
2834 3939 3192 4017 magnam
3256 3913 3578 4021 praebet
3631 3915 3947 4020 Gitago-

761 4047 1047 4127 vindas.
1168 4050 1499 4128 Excellit
1572 4077 2038 4158 magnopere
2098 4050 2519 4158 Jayadevas
2581 4053 2667 4131 in
2738 4078 2824 4128 re
2900 4052 3220 4131 metrica
3282 4072 3398 4147 et,
3461 4054 3526 4133 si
3592 4081 3952 4135 versuum

756 4188 1217 4290 elegantiam
1321 4190 1562 4268 solam
1648 4189 1957 4298 respicis
1986 4250 2008 4284 ,
2113 4191 2556 4299 praecipuis
2648 4192 2922 4280 Indiae
3018 4194 3262 4299 poetis
3366 4192 3598 4274 debet
3693 4224 3944 4274 annu-

757 4349 1064 4401 merari.

955 4461 1354 4541 Sacrorum
1402 4482 1828 4544 metrorum
1877 4494 2119 4573 genus
2165 4469 2402 4550 Vedis
2442 4472 2858 4578 proprium
2898 4473 3114 4579 apud
3164 4492 3516 4554 nostrum
3574 4500 3945 4579 quaerere

758 4630 921 4682 non
987 4630 1134 4711 par
1192 4622 1341 4699 θεὴ
1406 4630 1499 4682 ex
1574 4610 1787 4709 epico
1868 4609 1988 4685 vel
2062 4614 2445 4712 gnomico,
2524 4614 2827 4709 cleliam
2904 4614 3140 4692 habes
3215 4617 3609 4719 vulgarem
3671 4621 3809 4695 111.
3882 4641 3944 4692 1.

757 4748 888 4822 IV.
943 4765 1002 4822 1.
1061 4747 1197 4822 XI.
1259 4751 1374 4824 23.
1495 4747 1740 4823 Tertii
1810 4750 2150 4852 generis,
2216 4749 2430 4856 quod
2500 4759 2693 4830 artis
2760 4756 3005 4859 poetis
3079 4756 3306 4860 longe
3375 4774 3489 4834 est
3551 4758 3948 4837 usitatissi-

758 4910 972 4962 mum
994 4942 1016 4978 ,
1067 4885 1439 4994 quodque
1488 4891 2234 4970 monoschematicum
2280 4893 2675 4999 appellare
2724 4892 2963 4979 soleo,
3035 4890 3225 4970 haec
3274 4892 3652 4999 leguntur
3710 4897 3952 5001 speci-

757 5052 1009 5105 mina:
