4935 5819
1029 527 1086 582 x
2251 488 2488 585 Gi‘rA
2559 489 2976 583 Govmm

1029 736 1252 811 XVII
1300 728 1543 829 (VIII,
1585 731 1856 832 2-9.).
1956 732 2343 814 Admonet
2392 761 2563 814 eam
2610 754 2900 813 secreto
2944 732 3226 821 amica,
3276 750 3368 811 ut
3411 731 3608 810 iram
3644 731 3990 810 dimittat
4023 753 4222 810 cant.

1024 877 1290 952 XVIII
1340 876 1500 967 (IX,
1560 872 1834 973 2-9.).
1934 874 2084 949 Die
2134 872 2474 979 denique
2521 890 3084 981 vesperascente
3129 870 3500 950 Krishnas
3556 873 4012 961 revertitur,
4078 876 4222 949 Ra-

1028 1013 1422 1118 dhamque
1479 1012 1764 1089 blande
1828 1015 2279 1119 alloquutus
2350 1035 2551 1093 cant.
2613 1015 2823 1091 XIX.
2876 1011 3000 1107 (X,
3054 1008 3306 1110 2-9.)
3369 1010 3921 1088 umbraculum
3990 1037 4220 1088 suum

1029 1152 1248 1258 petit.
1353 1149 1702 1229 Badham
1752 1152 2213 1230 exhortatur
2253 1155 2500 1231 amica
2550 1170 2752 1231 cant.
2806 1152 2957 1228 XX
3007 1151 3166 1243 (XI,
3223 1148 3451 1246 2-9)
3503 1171 3596 1228 ut
3647 1151 4058 1229 Krishnam
4110 1178 4218 1228 se-

1026 1310 1360 1396 quatum
1410 1291 1905 1397 iterumque,
1956 1320 2205 1397 quum
2253 1313 2756 1372 cunctaretur
2797 1289 3105 1383 maha,
3154 1307 3352 1367 cant.
3401 1291 3592 1367 XXI
3640 1287 3807 1385 (XI,
3856 1290 4216 1385 14—21.).

1023 1431 1395 1535 Sequitur
1436 1431 1828 1509 canticum
1878 1433 2104 1508 XXII
2156 1429 2321 1529 (XI,
2374 1431 2727 1528 24—51.)
2791 1458 2951 1534 quo
3023 1428 3488 1506 describitur
3538 1428 3842 1520 Radha,
3907 1430 4220 1504 umbra·

1025 1569 1297 1648 culum
1361 1570 1663 1648 intrans
1738 1571 2358 1675 Krishnamque,
2426 1597 2689 1648 amore
2766 1570 3240 1656 radiantem,
3311 1570 3885 1674 contemplans,
3950 1597 3994 1645 a
4059 1597 4219 1673 quo

1023 1727 1285 1785 autem
1336 1710 1774 1787 canendum
1842 1711 1978 1802 sit,
2035 1739 2191 1788 non
2254 1710 2592 1800 dicitur3
2657 1709 2972 1787 videtur
3031 1710 3322 1787 amicae
3388 1735 3540 1786 esse
3604 1708 4216 1787 attribuendum.

1022 1846 1238 1925 Idem
1286 1850 1490 1928 valet
1539 1849 1637 1926 de
1683 1850 1988 1928 ultimo.
2089 1851 2478 1937 Radbam,
2528 1849 2628 1926 ab
2677 1850 2923 1927 amica
2977 1850 3325 1927 relictam
3369 1848 3469 1925 ad
3517 1874 3595 1926 se
3646 1848 3925 1927 invitat
3957 1849 4217 1926 Krish-

1022 2014 1158 2067 nas
1198 2007 1400 2066 cant.
1452 1993 1715 2067 XXIII
1764 1990 1983 2085 (XII,
2039 1990 2314 2092 2-9.).
2428 1993 2854 2099 Voluptate
2901 1992 3411 2069 exsultantem
3458 1990 3876 2068 Krisbnam
3928 2017 4217 2093 rogasse

1022 2122 1317 2202 dicitur
1361 2124 1665 2222 Radha‚
1719 2145 1811 2205 ut
1858 2148 2315 2206 ornamenta
2366 2133 2526 2208 suis
2572 2131 2754 2207 locis
2802 2149 3128 2236 reponat
3175 2148 3374 2208 cant·
3437 2132 3703 2212 XXIV
3752 2129 3967 2223 (XII,
4029 2135 4215 2206 18—

1030 2262 1199 2358 25.).
1302 2264 1697 2342 Nimirum
1750 2283 1841 2343 ut
1889 2267 2259 2347 modestia
2307 2269 2476 2346 eius
2539 2287 2918 2359 servetur,
2987 2269 3189 2346 alius
3255 2295 3624 2375 personae
3684 2293 3819 2344 ore
3877 2269 4215 2345 refertur

1019 2400 1232 2506 quod
1285 2401 1569 2481 dixerit
1615 2404 1897 2483 deha.

1220 2541 1574 2618 Divisum
1626 2543 2064 2622 invenimus
2115 2564 2365 2623 totum
2421 2575 2689 2653 poema
2743 2549 2829 2626 in
2867 2550 3016 2625 XII
3067 2549 3359 2655 capita,
3410 2574 3751 2653 quorum
3801 2548 3988 2625 fines
4041 2550 4215 2623 ubi-

1022 2705 1180 2785 que
1231 2679 1684 2758 indicantur
1733 2682 2098 2774 distichis,
2150 2712 2351 2789 quae
2390 2689 2599 2762 muru:
2638 2689 2681 2763 i.
2709 2713 2773 2762 e.
2811 2713 3072 2793 preces
3119 2706 3197 2765 et
3247 2690 3450 2765 bona
3501 2689 3730 2764 verba
3782 2713 3927 2793 pro
3968 2689 4213 2765 salute

1024 2819 1477 2898 auditorum
1527 2824 1953 2901 continent.
2067 2826 2291 2925 Quae
2354 2825 2683 2904 disticha
2741 2828 2804 2904 si
2868 2828 3131 2905 omnia
3194 2828 3535 2932 genuina
3600 2845 3882 2920 essent,
3952 2828 4212 2934 potius

1022 2964 1213 3040 XIII
1258 2964 1418 3040 sisti
1469 2962 1842 3048 deberent
1887 2967 2286 3058 sectiones3
2342 2997 2525 3046 nam
2577 2970 2938 3074 prologus
2986 2968 3256 3046 itidem
3311 2970 3527 3045 finali
3579 2968 3908 3046 disticho
3954 2996 4097 3046 suo
4147 2975 4203 3047 Ι.

1021 3100 1138 3181 25.
1187 3104 1598 3207 insignitus
1640 3125 1767 3183 est-
1869 3105 2188 3185 Accedit
2233 3107 2620 3186 distichon
2670 3110 2845 3187 XII.
2900 3114 3010 3203 ¹4·
3064 3105 3282 3211 quod
3344 3135 3624 3186 novam
3676 3106 4059 3186 indicaret
4104 3132 4216 3186 se-

1018 3240 1377 3329 ctionem,
1424 3244 1485 3319 si
1536 3261 1984 3322 tutarentur
2035 3245 2119 3321 id
2168 3272 2432 3324 omnes
2479 3248 2666 3326 libri
2704 3247 3214 3355 manuscripti
3262 3267 3340 3329 et
3386 3247 3974 3328 scholiastarum
4007 3274 4215 3326 com-

1018 3382 1405 3460 mentarii.
1509 3384 1766 3460 Etiam
1818 3383 1914 3459 de
1964 3385 2324 3490 pluribus
2372 3386 2712 3465 aliorum
2761 3386 3046 3470 horum
3104 3384 3655 3472 distichorum,
3720 3403 3815 3462 ut
3877 3410 3970 3460 ex
4028 3387 4213 3462 Var.

1018 3521 1174 3600 Scr.
1240 3546 1514 3598 eruere
1574 3521 1802 3602 facile
1871 3524 2196 3628 poteris,
2260 3526 2501 3617 valet,
2580 3551 2670 3603 ea
2720 3545 2889 3606 tum
2938 3525 3327 3608 librorum
3378 3524 3722 3605 dissensu
3766 3543 3846 3604 et
3890 3523 4218 3604 scholia-

1019 3677 1315 3738 starum
1363 3660 1705 3753 silenti0‚
1771 3679 1940 3740 tum
1995 3662 2157 3770 ipso
2207 3684 2668 3768 argumento
2726 3692 2771 3742 a
2837 3663 3070 3757 locis,
3140 3664 3280 3744 ubi
3348 3664 3891 3755 inveniantur,
3957 3665 4217 3741 alieno

1016 3823 1503 3904 summopere
1547 3825 1851 3876 movere
1894 3801 2447 3908 suspicionem,
2498 3803 2606 3880 ita
2655 3821 2748 3882 ut
2795 3805 2921 3885 vix
2965 3805 3197 3912 possis
3243 3831 3407 3883 non
3456 3805 3931 3895 coniectare,
3994 3803 4214 3884 scho-

1020 3935 1442 4025 liastarum,
1460 3935 1917 4015 duodenarii
1941 3942 2248 4018 numeri
2267 3939 2763 4049 repperiendi
2788 3943 3280 4050 cupidorum,
3301 3942 3685 4020 nonnulla
3703 3966 3855 4019 esse
3875 3943 4210 4019 inventa.

1020 4074 1338 4154 Accedit
1387 4075 1547 4153 buc
1594 4077 1746 4158 alia
1783 4078 2315 4158 consideratio.
2390 4082 2685 4161 Scimus
2714 4080 3182 4187 Jayadevam
3228 4079 3669 4158 technicum
3709 4106 3882 4172 esse,
3921 4080 4212 4187 ipsum-

1017 4239 1175 4319 que
1227 4213 1310 4292 in
1361 4214 1510 4294 hoc
1557 4236 2013 4320 argumento
2060 4218 2484 4299 elaborasse
2532 4219 2772 4328 (supr.
2814 4224 3050 4329 p.1V.
3085 4222 3241 4317 V.);
3291 4217 3506 4300 unde
3555 4219 3929 4327 suspicari
3981 4221 4208 4311 licet,

1018 4380 1200 4431 eum
1269 4356 1355 4431 in
1415 4356 1796 4443 carmine,
1867 4355 2080 4460 quod
2132 4357 2501 4439 dramatis
2558 4362 2892 4468 speciem
2939 4359 3514 4467 quodammodo
3577 4388 3765 4469 prae
3823 4388 3902 4440 se
3971 4361 4205 4452 ferat,

1019 4490 1594 4571 duodenarium
1644 4492 2106 4573 divisionum
2158 4525 2581 4577 numerum
2632 4500 2758 4576 vix
2804 4501 3317 4597 constituisse3
3369 4500 3780 4582 denarium
3830 4503 3917 4579 in
3967 4499 4206 4584 fabu-

1020 4630 1116 4709 lis
1161 4651 1480 4711 actuum
1526 4660 1944 4712 numerum
1993 4635 2353 4716 excedere
2400 4658 2667 4720 vetant
2714 4641 2900 4719 artis
2948 4642 3291 4747 poeticae
3340 4641 3702 4722 doctores.
3802 4644 4011 4720 Nova
4063 4640 4206 4720 ita·

1018 4796 1176 4874 que
1246 4770 1640 4850 divisionis
1701 4774 1900 4851 ratio
1978 4774 2441 4856 invenienda
2521 4805 2673 4859 esse
2733 4780 3077 4874 videtur,
3152 4798 3233 4860 at
3296 4755 3472 4860 vera
3529 4800 3823 4872 tamen,
3887 4804 4093 4885 quae
4158 4808 4204 4857 a

1020 4928 1249 5019 poeta
1299 4910 1466 5018 ipso
1514 4911 1755 4989 fuerit
1801 4914 2044 5007 facta,
2097 4937 2416 5024 repertu
2442 4939 2555 4999 est
2602 4920 2951 5016 difficilis,
3001 4920 3642 5028 quandoquidem
3678 4921 3981 4998 variant
4020 4918 4207 4996 libri

1020 5050 1109 5131 in
1155 5050 1606 5132 omittendis
1630 5051 1978 5133 distichis
2005 5055 2372 5138 finalibus
2414 5080 2494 5138 et
2524 5062 2736 5140 varie
2772 5064 3139 5143 constitui
3191 5081 3512 5170 possunt
3537 5061 3908 5140 carminis
3933 5084 4202 5140 scenae
