4935 5819
1058 420 1194 480 X1V
2294 431 2531 523 Gan
2594 440 3008 532 GovmnA

1058 645 1564 748 Jayadevam‚
1614 665 2025 745 coniuncta
2077 699 2228 750 esse
2274 701 2454 755 cum
2499 683 2787 771 verbis,
2837 695 3248 769 amatorios
3309 697 3519 775 lusus
3569 722 3647 778 et
3705 703 4238 788 blandimenta

1051 808 1412 867 sensuum
1479 799 1658 876 totis
1734 805 2364 913 modulantibus,
2453 824 2814 926 mysticae
2893 828 3290 912 doctrinae
3362 840 3760 920 elementa.
3891 851 4238 928 Pertinet

1052 919 1207 999 huc
1272 931 1755 1032 potissimum
1825 946 2043 1048 quod
2108 973 2390 1053 quarto
2449 962 2751 1041 cantico
2821 966 2881 1039 l.
2945 968 3016 1044 d.
3079 971 3198 1067 45.
3263 1002 3560 1054 amores
3622 982 4002 1062 Krisbnae
4072 1019 4233 1094 my-

1042 1062 1363 1142 sterium
1411 1072 1835 1156 mirifieum
1880 1083 2303 1190 dicuntur3
2361 1113 2566 1191 tum,
2616 1123 2706 1178 ut
2754 1107 2909 1184 alia
2965 1128 3285 1206 taceam,
3349 1142 3488 1221 per
3536 1147 3806 1225 poema
3859 1125 4228 1233 dispersa,

1039 1229 1241 1303 quae
1290 1207 1375 1284 in
1427 1212 1581 1291 fine
1633 1221 1803 1298 XII.
1848 1224 1919 1299 d.
1972 1237 2087 1308 28.
2157 1234 2529 1338 leguntur
2583 1247 2846 1324 verba:
2913 1257 3147 1347 figunt?
3192 1276 3251 1326 zv
3307 1246 3584 1331 ahma·
3664 1263 4229 1362 &gn-finam..

1031 1346 1499 1451 ἢπῖῗῖἣπᾞ
1545 1359 1761 1455 §ffiutv
1823 1384 2061 1469 ”quae
2107 1373 2206 1449 sit
2255 1383 2810 1487 contemplatio
2836 1387 3355 1481 Vishnuitica,
3408 1425 3608 1502 quae
3651 1427 3823 1479 vera
3872 1405 3972 1482 sit
4020 1433 4224 1484 amo·

1029 1482 1135 1557 ris
1186 1482 1777 1589 discriminatio,
1832 1528 2001 1581 eam
2051 1515 2512 1595 enucleanto
2566 1520 3080 1629 intelligentes
3134 1558 3227 1607 ex
3275 1535 3423 1613 hoe
3485 1562 3898 1644 poemate«
4002 1545 4224 1644 Quae

1028 1648 1277 1722 quum
1325 1628 1431 1706 ita
1480 1634 1677 1724 sint,
1735 1640 2188 1750 investigare
2243 1653 2651 1747 debemus,
2702 1665 2919 1767 quod
2980 1669 3080 1748 sit
3130 1673 3335 1751 istud
3398 1683 3677 1757 amoris
3736 1688 4220 1789 mysterium,

1024 1762 1165 1862 qui
1230 1767 1329 1842 sit
1399 1768 1536 1846 iste
1600 1801 1821 1852 amor
1892 1782 2090 1863 iusta
2151 1789 2814 1879 discriminatione
2877 1808 3263 1888 colendus·
3387 1820 3479 1893 In
3548 1817 3699 1896 hoc
3761 1839 4020 1899 autem
4088 1854 4218 1900 ne-

1028 1901 1234 1999 gotio
1287 1907 1514 1984 verba
1574 1928 1876 1993 tantum
1931 1921 2169 2028 ipsius
2219 1935 2462 2011 nostri
2518 1961 2783 2042 poetae
2835 1951 3272 2056 respiciam,
3325 1959 3646 2037 omnino
3699 1989 3858 2039 non
3908 1962 4216 2041 adhibi-

1024 2038 1160 2129 tiS,
1237 2069 1439 2145 quae
1496 2070 1635 2127 aut
1684 2058 2005 2138 aliunde
2046 2071 2354 2172 prolata
2404 2100 2593 2158 sunt
2642 2082 2737 2161 de
2783 2085 3138 2168 doctrina
3197 2119 3321 2184 ea,
3383 2124 3585 2201 quae
3648 2127 4040 2181 summum
4092 2106 4211 2180 di·

1022 2180 1183 2255 vini
1236 2187 1584 2267 numinis
1631 2198 1934 2277 cultum
1986 2205 2070 2283 in
2123 2212 2494 2317 religione
2548 2223 2927 2304 Krisbnae
2976 2250 3056 2308 et
3106 2233 3418 2312 Radhae
3478 2241 3740 2343 ponit,
3808 2262 3949 2318 aut
4009 2272 4211 2347 quae

1016 2340 1201 2397 nota
1232 2346 1416 2404 sunt
1448 2328 1543 2406 de
1570 2341 2132 2423 consociatione
2163 2358 2563 2460 popularis
2594 2366 2988 2471 religionis
3011 2398 3191 2449 cum
3213 2376 3515 2480 placitis
3536 2379 4204 2486 philosophorum.

1015 2461 1254 2539 Cuius
1304 2471 1602 2569 generis
1627 2473 1826 2557 duae
1874 2506 2058 2564 sunt
2106 2497 2526 2603 praecipue
2574 2504 3227 2611 theologumenoen
3260 2518 3545 2621 species
3588 2546 3729 2623 pro
3761 2518 4082 2611 duabus,
4119 2527 4205 2602 in

1014 2627 1205 2700 quas
1255 2603 1493 2685 divisa
1545 2634 1656 2690 est
1712 2621 1924 2723 apud
1988 2625 2222 2708 Indos
2270 2636 2644 2719 seriorum
2702 2668 3136 2755 temporum
3187 2656 3505 2758 religio,
3571 2662 3825 2751 sectis3
3879 2688 4034 2739 una
4086 2683 4197 2742 est

1013 2738 1366 2823 doctrina
1418 2752 2023 2861 Pacupatorum,
2077 2771 2220 2872 qui
2249 2775 2544 2879 Yogam
2591 2782 3006 2888 Patanjalis
3032 2791 3438 2885 inaiticae
3488 2797 3881 2901 religionis
3909 2800 4192 2878 doctri-

1010 2908 1158 2959 nae
1206 2911 1665 2996 supponunt
1679 2928 1706 2989 ,·
1756 2904 2035 3001 altera,
2096 2915 2834 3014 Panchai-atrorum,
2878 2934 3018 3034 qui
3070 2935 3605 3015 Vishnuiticae
3650 2943 4002 3046 religioni
4057 2945 4191 3023 ad-

1010 3022 1355 3118 haerent,
1399 3053 1477 3110 et
1508 3037 2044 3147 Badarayanae
2087 3054 2373 3158 placita
2422 3082 2502 3140 et
2531 3068 2945 3171 Patanjalis
2987 3079 3343 3178 mysteria
3396 3082 3711 3157 ascetica
3763 3108 3944 3159 cum
3977 3087 4202 3163 cultu

1010 3161 1384 3243 Vishnuis
1412 3197 1870 3280 componere
1893 3188 2226 3272 student.
2304 3203 2654 3309 Utraque
2692 3213 2869 3289 satis
2917 3234 3027 3289 est
3074 3216 3423 3320 antiqua,
3467 3237 3739 3324 utpote
3785 3248 3986 3325 quae
4034 3228 4197 3329 epi-

1008 3302 1114 3377 cis
1156 3307 1402 3408 poetis
1442 3310 1596 3390 iam
1647 3317 2101 3408 innotuerit⁶
2170 3334 2343 3416 vid.
2394 3370 2597 3447 quae
2627 3351 3052 3432 observavit
3085 3357 3234 3433 Vir
3279 3384 3626 3437 summus
3649 3365 4199 3442 Comanooxms

1001 3438 1297 3521 Transs.
1349 3452 1507 3527 Soc.
1556 3461 1679 3534 As.
1727 3465 1967 3544 Lond.
2024 3472 2076 3547 1.
2131 3475 2297 3576 575.

1203 3589 1301 3662 In
1348 3593 1526 3696 plus
1577 3624 1735 3676 una
1784 3627 1982 3686 secta
2035 3611 2428 3699 discessere
2479 3647 2557 3703 et
2606 3632 2977 3738 Pacupati
3027 3656 3104 3713 et
3156 3640 3662 3718 Pancharatri
3723 3646 3877 3722 sive
3937 3649 4194 3751 potius

1006 3719 1352 3811 Civaitici
1397 3751 1476 3807 et
1526 3737 2049 3838 Vishnuitici3
2105 3764 2619 3860 posteriorum
2669 3793 2779 3849 est
2830 3772 3040 3851 haud
3095 3778 3332 3857 dubie
3375 3809 3462 3859 ea
3513 3782 3899 3876 doctrina,
3950 3815 4190 3890 quam

1000 3882 1441 3962 sequuntur
1506 3872 1603 3962 ii,
1669 3881 1810 3981 qui
1880 3888 2259 3972 Krisbnae
2325 3927 2607 3983 nomen
2676 3914 2985 3990 numini
3042 3940 3539 4024 praeoptant,
3604 3943 3682 3999 et
3751 3945 4186 4001 consortem

991 3995 1154 4075 eius
1203 4002 1506 4087 faciunt
1568 4015 1946 4117 Radham,
1999 4032 2284 4137 cuique
2328 4041 2771 4125 vindicatur
2831 4073 3053 4156 poeta
3109 4077 3383 4135 noster.
3484 4062 3804 4139 Exstant
3870 4068 4190 4171 ampli&

988 4138 1223 4217 simae
1273 4143 1370 4223 de
1420 4148 1628 4231 hisce
1675 4165 1893 4241 sectis
1942 4171 2359 4270 wasonis,
2428 4184 2574 4262 viri
2631 4188 2912 4268 harum
2958 4221 3222 4272 rerum
3291 4198 3774 4305 peritissimi,
3834 4204 4183 4285 disserta-

991 4278 1235 4358 tiones
1285 4284 1369 4364 in
1418 4294 1629 4370 Voll.
1691 4302 1882 4383 XVI
1920 4327 1999 4386 et
2046 4313 2268 4393 XVII
2321 4324 2469 4401 Ass.
2522 4329 2718 4408 Ress.
2830 4334 3139 4431 Quibus
3205 4358 3462 4420 tamen
3526 4370 3686 4421 non
3752 4365 3936 4424 utor
4001 4376 4179 4453 pro-

989 4436 1165 4520 pter
1210 4425 1449 4504 solam
1502 4428 1707 4512 hanc
1758 4443 2173 4539 rationem,
2228 4484 2324 4535 ne
2374 4468 2851 4551 confundam
2904 4477 3329 4581 Jayadevae
3376 4480 3729 4587 dogmata
3759 4509 3940 4560 eum
3985 4513 4175 4588 qua·

1144 4559 1464 4644 istarum
1535 4593 1939 4659 sectarum.
2034 4592 2327 4698 Exigua
2392 4607 2600 4683 enim
2654 4631 2839 4689 sunt
2895 4642 3099 4719 quae
3148 4644 3460 4697 cernere
3506 4622 3727 4710 licet,
3775 4622 4173 4701 interdum

985 4694 1403 4781 cuiuslibet
1452 4705 1940 4814 discrimina,

984 4829 1564 4941 Gitagovindas3

980 4966 1354 5082 disiungi5
1428 4992 1590 5065 mul

2015 4756 2271 4837 neque
2343 4767 2641 4827 constat
2669 4806 2689 4838 ‚
2767 4781 3189 4857 quamnam
3259 4761 3739 4867 potissimum
3802 4785 4173 4868 sequatur

1611 4853 1693 4929 in
1731 4864 2169 4961 periculum
2206 4876 2444 4981 igitur
2485 4887 2961 4972 incurrerem
2993 4900 3553 4991 confundendi,
3603 4929 3804 5007 quae
3840 4901 4172 4982 debeant

1601 5010 1832 5099 toque
1901 5011 2140 5112 magis
2198 5017 2371 5098 ideo
2425 5028 2715 5130 placet,
2767 5059 2810 5108 e
2872 5039 3122 5115 verbis
3186 5059 3454 5145 poetae
3505 5043 3951 5146 singulatim
3998 5067 4168 5146 per-
