4935 5819
1589 502 1916 590 Lai-mi:
1964 492 2473 593 Conmsus
2519 500 2688 595 lv.
2748 508 3117 591 11-22.
3439 552 3447 561 1
3556 614 3569 625 .
3760 511 3923 592 123

743 753 1112 820 absentiam
1163 747 1434 818 timidae
1491 746 1806 818 dorcadis
1862 750 2159 846 speciem
2224 746 2448 816 induit
2510 766 2709 842 atque
2773 748 3169 843 Kandarpas
3239 752 3533 818 saeviens
3592 754 3665 817 in
3735 776 3911 831 eam,

745 874 948 942 veluti
999 875 1217 966 tigris,
1270 873 1405 968 agit
1448 889 1712 967 partem
1757 874 1891 939 Dei
1933 871 2281 942 mortiferi.

939 994 1132 1065 Sinni
1197 995 1588 1087 impositum
1662 993 1893 1062 nobile
1950 1019 2360 1089 gemmarum
2426 998 2804 1093 strophium
2862 997 2977 1065 illa
3055 1021 3220 1067 onus
3305 1018 3532 1067 censet
3598 1004 3901 1094 corporis
3925 1007 4096 1067 Cant.
4132 1006 4189 1067 9.

742 1120 1087 1201 macerati,
1140 1115 1399 1198 Radha,
1443 1118 1518 1183 in
1565 1117 1864 1185 absentia
1907 1143 2059 1200 sua,
2109 1142 2148 1185 o
2200 1120 2484 1206 Keqava.
3926 1112 4020 1172 ll·

936 1239 1425 1309 Delectabilem
1478 1258 1545 1307 et
1590 1239 1869 1307 mollem
1919 1239 2170 1307 Santali
2213 1241 2564 1334 pulverem
2611 1244 2682 1308 in
2735 1266 3021 1336 corpore
3072 1269 3190 1313 suo
3237 1249 3532 1314 intuetur
3599 1248 3715 1314 illa
3780 1254 4013 1341 Ima-12.

743 1363 926 1446 vide,
972 1382 1290 1456 tanquam
1329 1387 1694 1443 venenum,
1743 1362 1975 1429 Radha
2004 1413 2024 1443 ,
2076 1365 2148 1428 in
2196 1363 2495 1430 absentia
2547 1381 2696 1446 tua,
2742 1388 2781 1430 o
2832 1364 3122 1451 Keqava.

936 1485 1225 1578 Spiritus
1277 1485 1642 1578 gemituum
1683 1482 1857 1550 ultra
1900 1481 2178 1551 modum
2223 1482 2439 1578 largos
2488 1484 2676 1553 ducit
2726 1504 3133 1569 aestuantes,
3186 1491 3427 1557 amoris
3481 1490 3760 1557 flammis
3816 1495 4017 1563 si-13.

697 1608 930 1697 ⁸miles
960 1661 980 1691 ,
1030 1605 1303 1692 deha,
1350 1608 1427 1675 in
1469 1607 1766 1674 absentia
1813 1625 1957 1688 tua,
2012 1631 2050 1675 o
2100 1607 2383 1695 Keqava.

937 1732 1448 1822 Quaquaversus
1498 1730 1753 1822 spargit
1802 1725 2153 1796 oculorum
2202 1729 2652 1822 nymphaeas,
2706 1732 2954 1799 cinctas
2988 1732 3271 1801 reticulo
3319 1737 3507 1827 quasi
3544 1754 3896 1828 guttarum,
3923 1739 4012 1800 14.

742 1852 928 1919 caule
984 1850 1195 1919 fracto
1221 1902 1242 1933 ,
1291 1849 1563 1934 Redha,
1611 1853 1686 1918 in
1730 1849 2028 1918 absentia
2081 1869 2223 1931 tua,
2276 1873 2314 1917 o
2368 1851 2652 1939 Keqava.

935 1976 1218 2042 Lectum
1260 1974 1412 2042 Loti
1459 1972 1637 2042 foliis
1681 1991 1996 2057 stratum,
2057 1972 2219 2041 licet
2274 1975 2347 2040 in
2414 1993 2783 2069 conspectu
2847 1980 3177 2070 positum,
3241 1983 3552 2073 opinatur
3618 1983 3900 2051 sormam
3924 1987 4014 2047 15.

736 2099 905 2188 ignis
961 2094 1420 2165 candescentis
1435 2094 1472 2178 ,'
1507 2095 1738 2164 Radha
1763 2146 1783 2179 ,
1833 2099 1907 2164 in
1956 2096 2256 2164 absentia
2302 2115 2451 2180 tua,
2498 2120 2538 2166 o
2587 2099 2867 2188 Kecava.

930 2219 1256 2287 Mannum
1320 2217 1576 2312 palmas
1637 2242 1777 2285 non
1837 2237 2137 2286 removet
2196 2245 2235 2286 a
2300 2221 2526 2310 genis,
2592 2222 3045 2288 iuvenescenti
3091 2222 3290 2290 lunae
3341 2234 3620 2319 vespere
3671 2230 3907 2295 immo·
3932 2231 4026 2295 16.

734 2342 855 2409 hili
906 2340 1274 2421 similibus,
1316 2337 1590 2420 Radha,
1640 2340 1713 2404 in
1761 2339 2084 2419 absentia,
2129 2357 2241 2406 tua
2267 2388 2286 2420 ,
2336 2365 2373 2407 o
2417 2341 2699 2429 Kecava.

935 2460 1224 2542 ”HareS,
1278 2460 1531 2529 Hares«
1580 2461 1670 2527 ita
1712 2478 2084 2527 murmurat
2134 2460 2417 2555 cupide,
2482 2463 2571 2530 ob
2625 2466 3117 2557 separationem
3166 2467 3367 2533 morti
3432 2468 3565 2533 iam
3627 2492 3904 2560 prorsus
3927 2477 4020 2537 17.

738 2584 1008 2664 devota,
1055 2580 1323 2665 Redha,
1365 2584 1438 2651 in
1479 2599 1591 2651 tua
1637 2583 1937 2651 absentia
1957 2632 1979 2665 ,
2033 2606 2073 2651 o
2120 2583 2402 2672 Keqava.

923 2706 1081 2772 »Pii
1108 2700 1481 2799 Jayadevae
1521 2730 1750 2774 versus
1801 2725 1994 2776 sunt«
2043 2708 2136 2775 ita
2181 2703 2484 2775 canenda
2530 2706 2860 2776 cantilena
2906 2707 3067 2777 beet
3113 2710 3428 2793 initiatos,
3469 2709 3736 2798 Keqava
3770 2709 4019 2781 fre-18.

738 2847 838 2896 tos
862 2879 878 2908 ,
932 2825 1163 2896 Radha
1213 2823 1402 2895 dolet
1443 2827 1812 2896 absentiam
1851 2846 2076 2913 tuam,
2127 2852 2167 2896 o
2217 2828 2501 2917 Keqava.

935 2948 1060 3019 Illa
1101 2974 1362 3019 comam
1412 2951 1643 3045 erigit,
1695 2949 1932 3032 eiulat,
1971 2950 2311 3034 lacrimat,
2363 2953 2853 3035 contremiscit,
2902 2972 3194 3035 moeret,
3243 2953 3640 3038 meditatur,
3695 2968 4019 3036 errat,19.

739 3076 1083 3154 connivet,
1140 3070 1527 3154 collabitur,
1580 3074 1833 3165 surgit,
1909 3074 2013 3140 sui
2073 3097 2213 3141 non
2281 3074 2550 3142 conscia
2616 3075 2722 3161 fit3
2785 3077 2859 3142 in
2921 3074 3039 3143 tali
3101 3087 3322 3143 tamen
3383 3079 3627 3145 amoris
3689 3078 3902 3156 febri,

738 3217 1028 3289 corpore
1093 3194 1491 3263 nitidissima
1560 3193 1801 3289 quidni
1848 3197 2100 3264 viveret
2165 3195 2503 3265 desiderio
2554 3198 2684 3280 tui,
2760 3198 2818 3265 si
2861 3216 2969 3279 tu,
3041 3196 3268 3267 divino
3318 3197 3589 3268 medico
3632 3200 3865 3267 similis
3885 3253 3904 3280 ,

735 3318 1202 3414 propitiarere.
1307 3315 1428 3384 Sin
1478 3318 1737 3400 minus,
1788 3315 1981 3384 deest
2027 3317 2568 3386 sustentaculum.

928 3439 1075 3508 Nisi
1123 3459 1197 3509 tu
1246 3437 1754 3522 desiderabilis,
1809 3458 1886 3508 nt
1932 3437 2237 3508 medicus
2295 3441 2650 3508 numinum
2671 3488 2693 3521 ,
2747 3461 2897 3506 eam
2955 3454 3324 3529 aegrotam,
3382 3434 3528 3505 solo
3589 3441 3687 3505 tui
3756 3462 3906 3508 cor·
3926 3453 4022 3515 20.

732 3565 955 3656 poris,
1022 3580 1340 3654 tanquam
1399 3561 1810 3644 ambrosiae,
1875 3580 2056 3630 tactu
2117 3561 2486 3630 sanabilem
2510 3612 2532 3645 ,
2599 3560 2922 3629 liberabis
2986 3559 3071 3627 ab
3138 3583 3499 3643 aerumna,
3567 3559 3909 3630 crudelior

736 3687 866 3752 eris
911 3681 1191 3752 fulmine
1240 3680 1632 3776 Upendrae.
2381 3739 2385 3743 Α

931 3806 1188 3874 Mirum
1236 3823 1337 3874 est
1386 3824 1712 3901 qnantum
1757 3829 1947 3873 mens
1999 3808 2141 3875 eius
2182 3805 2569 3899 languescat
2592 3801 2845 3873 Santali
2860 3853 2883 3885 ,
2934 3802 3168 3885 lunae,
3217 3803 3748 3898 nymphaearum
3794 3828 3907 3872 co·
3927 3812 4021 3876 21.

736 3928 1090 4021 gitatione3
1137 3948 1384 4020 corpus
1430 3927 1565 3994 iam
1613 3925 1815 4021 longe
1864 3927 2082 3994 uritur
2129 3944 2463 3998 tormento
2503 3927 2711 3996 febris
2755 3925 3035 4011 amoris;
3084 3944 3552 4008 veruntamen,
3602 3927 3907 4021 patiendi

737 4048 1012 4130 docilis,
1063 4047 1496 4118 solitudinem
1548 4048 1775 4118 colens
1796 4098 1817 4130 ,
1879 4066 1945 4116 tc
1996 4046 2214 4117 solum
2237 4098 2259 4131 ,
2328 4067 2617 4118 amatum
2639 4099 2662 4134 ,
2724 4067 3043 4142 tanquam
3106 4050 3411 4143 corporis
3482 4046 3907 4141 refrigerium

734 4166 1086 4251 meditata,
1134 4167 1298 4237 licet
1346 4166 1605 4252 tabida,
1657 4169 2056 4263 quantillum
2107 4188 2371 4264 tempus
2413 4173 2714 4268 spirabit.

935 4293 1121 4376 Quae
1172 4308 1364 4358 antea
1404 4314 1493 4357 ne
1543 4314 1670 4385 per
1719 4313 2132 4361 momentum
2176 4293 2454 4387 quidem
2504 4292 2827 4384 temporis
2878 4291 3249 4358 absentiam
3297 4315 3337 4355 a
3388 4308 3452 4358 te
3510 4313 3705 4383 passa
3767 4308 3903 4372 est,
3930 4297 4025 4360 22.

733 4414 939 4479 immo
990 4433 1187 4504 aegre
1230 4408 1386 4478 tnlit
1432 4409 1694 4478 nullum
1747 4430 2017 4481 tuorum
2063 4412 2413 4481 oculorum
2461 4429 2842 4506 aspectum,
2905 4428 3322 4505 quantopere
3371 4413 3577 4502 gemit
3616 4410 3732 4479 illa
3777 4411 3903 4481 ho-

738 4532 848 4603 die
900 4536 992 4604 ob
1042 4534 1312 4629 longam
1353 4536 1873 4620 seiunctionem,
1924 4539 2161 4606 intuita
2206 4561 2429 4607 ramos
2479 4532 2785 4616 Rasalae,
2835 4530 3013 4602 foliis
3063 4536 3352 4627 spicatos
3377 4532 3449 4603 ?«
