4935 5819
1012 512 1316 576 xxxvm
1758 479 1995 573 Gi‘rA
2056 478 2472 575 Govmm
2530 480 3190 577 Pnotmomm
3247 483 3465 581 vn.

1014 731 1270 834 telligo
1320 729 1419 807 ab
1463 724 1778 806 homine
1818 724 2160 831 quodam
2209 725 2467 820 sciolo,
2515 726 2683 833 qui,
2733 727 2941 805 edita
2991 726 3490 833 mythologici
3520 726 3768 805 indici
3819 720 4188 833 poematis

1011 867 1675 974 interpretatione,
1724 864 2178 943 Senseritice
2226 864 2545 944 doctum
2589 866 2913 943 minime
2959 891 3114 943 sese
3164 867 3539 972 probavit.
3638 872 3894 971 Atque
3955 866 4187 971 quid,

1011 1032 1329 1111 quaeso,
1383 1005 1480 1080 de
1522 1003 1965 1109 mythologo
2006 1001 2157 1078 erit
2203 1001 2747 1092 statuendum,
2798 1006 2937 1109 qui
2992 1005 3090 1081 ad
3143 1004 3224 1080 id
3274 1004 3628 1110 delapsus
3676 1006 3781 1083 sit·
3824 1004 4186 1096 inscitiae,

1009 1167 1102 1226 ut
1146 1146 1561 1224 Krishnam
1609 1142 2034 1250 Napoleoni
2091 1142 2612 1246 comparando
2662 1164 2898 1222 semet
2951 1146 3359 1221 illustrasse
3408 1145 3611 1220 hanc
3659 1146 4188 1248 quaestionem

1009 1284 1351 1392 potuerit
1395 1282 1725 1388 opinari.
1826 1276 2060 1377 Quod
2110 1279 2358 1355 multo
2410 1281 2648 1382 magis
2695 1283 3054 1383 garrulae
3119 1303 3227 1362 est
3295 1310 3564 1368 ranae,
3635 1286 3919 1360 limosis
3970 1285 4193 1389 aquis

1007 1425 1414 1513 conantis,
1465 1449 1701 1526 quam
1752 1420 1998 1521 gravis
2044 1443 2133 1493 ac
2183 1417 2463 1493 sinceri
2508 1421 3013 1523 antiquarum
3067 1447 3331 1498 rerum
3385 1424 3849 1527 interpretis.
3911 1430 4193 1501 Ament

1009 1562 1268 1638 hercle
1316 1559 1428 1636 dii
1484 1558 1921 1641 hominem,
1965 1556 2105 1658 qui
2144 1553 2320 1631 deos
2354 1581 2432 1631 se
2486 1557 2786 1634 finxisse
2835 1561 3247 1661 gloriatui-3
3316 1580 3396 1638 at
3464 1590 3660 1651 non,
3731 1561 4006 1650 credo,
4071 1586 4191 1638 me

1010 1699 1248 1786 fallit,
1294 1696 1499 1800 quin
1552 1693 1663 1769 dii
1719 1694 1904 1770 tales
1954 1693 2225 1794 magis,
2271 1719 2513 1796 quam
2565 1691 2830 1771 deceat
2872 1694 3089 1780 deos,
3152 1696 3545 1772 hominem
3593 1700 3900 1804 sapiant
3949 1718 4026 1775 et
4068 1725 4188 1775 ve·

1008 1863 1223 1925 reor,
1278 1861 1378 1911 ne
1425 1852 1731 1938 praeter
1782 1831 2126 1907 fictorem
2197 1830 2452 1905 nullos
2515 1828 2929 1908 habiturus
2994 1834 3094 1910 sit
3155 1850 3557 1911 sectatores
3620 1836 3985 1912 Krishnas
4062 1837 4193 1911 ille

1008 1974 1419 2079 exopinato
1469 1971 1969 2048 adventicius.

1204 2115 1414 2187 Haec
1475 2111 1637 2186 fere
1702 2106 2125 2216 praefanda
2182 2106 2444 2182 habui.
2548 2111 2835 2194 Restat,
2909 2129 3000 2187 ut
3069 2112 3210 2215 qui
3260 2110 3450 2189 haec
3502 2112 3776 2188 lecturi
3835 2112 4027 2196 sint,
4106 2139 4192 2188 ea

1007 2275 1163 2354 qua
1215 2276 1360 2345 par
1406 2267 1520 2325 est
1573 2246 2054 2324 observantia
2101 2270 2381 2347 rogem,
2433 2271 2823 2351 ovemque,
2879 2267 2970 2324 ut
3021 2248 3207 2325 boni
3237 2250 3636 2326 consulere
3680 2250 3942 2338 velint,
3994 2274 4194 2353 quae

1014 2389 1097 2463 in
1150 2386 1579 2490 praesentia
1629 2386 1737 2461 eis
1784 2385 2063 2460 offerre
2114 2384 2357 2488 potui.

1201 2530 1507 2607 Dabam
1552 2533 1864 2606 Bonnae
1916 2526 2013 2603 ad
2066 2527 2424 2604 Rhenum
2480 2554 2730 2608 mense
2774 2536 3117 2636 Augusto
3169 2531 3868 2610 MDCCCXXXVI.
