4935 5819
1866 484 2383 573 Anno’rfflo
2444 479 2517 573 Ι.
2581 491 2661 573 5.
3768 496 3876 574 73
3938 520 3943 523 ’

692 736 1078 842 scriptura
1167 731 1573 836 Bengalica
1666 725 2265 831 distinguuntur
2301 785 2323 820 ‚
2434 720 2911 803 correxeram
2996 727 3407 805 lectionem
3492 728 3561 804 S.
3666 728 3883 807 iuxta·

693 858 924 937 schol.
1005 861 1094 935 A.
1187 876 1270 935 at
1364 852 1584 930 video
1670 877 1929 939 nunc,
2024 848 2238 925 hunc
2330 846 2875 951 corrigendum
2956 873 3107 926 esse
3189 874 3336 955 ope
3420 851 3883 928 commilito.

694 1007 928 1074 num3
1001 1005 1256 1056 caussa
1326 994 1479 1067 est,
1539 971 1754 1078 quod
1808 972 1891 1047 in
1954 963 2082 1041 πὲιπ
2148 970 2304 1047 iam
2379 972 2877 1051 contineatur
2945 972 3161 1048 notio
3231 973 3464 1049 verba
3523 974 3880 1051 faciendi.

691 1097 819 1175 αὲιπ
876 1101 1086 1179 enim
1139 1098 1218 1175 id
1269 1116 1380 1175 est
1455 1094 1669 1199 quod
1747 1092 2220 1200 proponitur
2288 1091 2723 1196 syllogismo
2801 1092 3330 1199 probandum,
3398 1098 3882 1201 propositum

693 1245 955 1331 autem
1008 1240 1276 1328 poetae
1325 1218 1690 1296 carminis
1736 1234 1850 1293 εει
1896 1233 2442 1318 argumentum
2471 1267 2493 1302 ‚
2546 1215 2794 1295 verbis
2844 1214 3437 1293 describendum
3475 1237 3553 1295 et
3596 1246 3882 1295 ornan-

694 1346 925 1438 dum3
1011 1345 1197 1422 binc
1264 1346 1356 1418 D.
1430 1341 1767 1447 explicat
1832 1366 1972 1445 per
2037 1339 2332 1430 mssffi‘3
2415 1337 2731 1443 proprie
2814 1356 3077 1414 autem
3144 1357 3257 1415 est
3328 1358 3881 1444 argumentum

693 1470 1085 1548 orationis.
1182 1489 1337 1555 εἰ,
1386 1465 1716 1548 bonum,
1762 1463 1914 1548 vel,
1965 1480 2057 1537 ut
2092 1459 2361 1537 scboll.
2413 1461 2726 1555 volunt,
2770 1462 3164 1553 eximium,
3212 1463 3341 1537 cui
3387 1490 3637 1565 quum
3662 1490 3880 1568 prae-

692 1593 1007 1671 missum
1049 1591 1149 1667 sit
1198 1595 1288 1683 ⁹10
1338 1589 1385 1663 i.
1436 1613 1500 1662 e.
1551 1584 1633 1662 id
1683 1586 1906 1662 cuius
1957 1584 2471 1689 praecipuum
2527 1581 2781 1659 thema
2832 1600 2944 1659 est
2979 1609 3235 1668 amor,
3281 1582 3589 1660 excludi
3618 1581 3882 1661 videu-

694 1731 826 1790 tur
873 1740 916 1789 a
965 1714 1169 1820 poesi
1217 1710 1777 1789 Govardhanae
1827 1725 2282 1813 argumenta
2333 1707 2435 1781 ab
2484 1731 2745 1783 amore
2793 1705 3340 1795 abhorrentia,
3399 1709 3551 1785 sive
3603 1710 3657 1783 ii
3704 1731 3879 1804 ῑεπι,

691 1858 1036 1933 sapores,
1081 1833 1219 1936 qui
1275 1859 1456 1909 cum
1506 1858 1768 1909 amore
1829 1829 2193 1936 componi
2271 1848 2699 1933 nequeunt.
2801 1830 2914 1904 Cf.
2965 1830 3192 1908 Wils.
3263 1830 3544 1936 disput·
3600 1829 3697 1906 de
3747 1854 3880 1927 w,

691 1956 1027 2060 prolegg.
1078 1954 1177 2031 ad
1227 1954 1535 2031 Theatr.
1587 1952 1830 2031 Indic.
1876 1980 1950 2058 p.
1972 1956 2246 2030 LV111.
2288 1951 2405 2039 ed.
2455 1953 2590 2028 alt.
2640 1974 2784 2049 ῖττ
2825 1973 2934 2030 εει
2976 1951 3369 2059 dispositio
3418 1955 3882 2056 argumenti.

688 2079 830 2155 His
858 2080 1295 2155 excelluisse
1329 2077 1623 2155 dicitur
1654 2073 2226 2161 Govardhanas,
2270 2075 2398 2152 cui
2450 2076 2887 2152 aemulatus
2926 2075 3248 2179 quidam
3282 2076 3580 2152 nullam
3613 2094 3885 2153 nactus

687 2200 787 2278 sit
848 2201 1199 2305 gloriam.
1298 2208 1392 2279 In
1462 2200 1742 2276 ultima
1801 2196 2181 2276 sententia
2230 2199 2377 2268 επῐὲι
2438 2198 2718 2274 falsum
2764 2217 2903 2287 est,
2961 2198 3107 2274 nisi
3172 2225 3256 2273 re
3306 2225 3480 2274 vera
3533 2225 3665 2275 rex
3704 2199 3883 2289 fuit,

688 2326 808 2400 uti
853 2325 1117 2400 asserit
1156 2326 1242 2399 E.
1297 2319 1804 2428 praecedente
1852 2316 2182 2393 disticho
2231 2317 2568 2396 eundem
2620 2323 3270 2398 Laxmanasenam
3319 2323 3696 2428 appellari
3746 2322 3886 2400 do-

689 2470 900 2537 cens,
951 2461 1029 2522 et
1079 2460 1403 2551 peccant
1449 2443 1714 2521 scholl.
1764 2443 1911 2512 ειτῑέεε
1965 2441 2418 2533 scribentes,
2473 2441 2962 2548 interpretati
3033 2463 3288 2520 tamen
3344 2449 3638 2540 wdetun.
3737 2445 3886 2523 Sed

687 2568 806 2644 vel
839 2567 951 2645 sic
972 2567 1253 2644 melius
1283 2566 1654 2644 scribitur
1681 2566 1814 2636 επῐέτ
1841 2581 1921 2640 ει
1948 2562 2241 2639 dicitur
2270 2564 2353 2654 is,
2404 2588 2639 2667 quem
2669 2564 3066 2642 constabat
3113 2590 3366 2669 regem
3411 2591 3561 2642 esse
3590 2590 3881 2658 verum,

692 2717 826 2767 rex
861 2709 1309 2797 poetarum,
1359 2715 1706 2769 summus
1755 2706 1999 2793 poeta·
2097 2690 2201 2766 At
2230 2688 2554 2794 simplex
2592 2706 2848 2767 tamen
2899 2689 3090 2765 haec
3136 2715 3288 2767 esse
3334 2707 3578 2796 potest
3615 2694 3881 2797 appel-

691 2814 879 2891 latio
933 2811 1390 2901 laudatoria,
1442 2831 1535 2890 ut
1582 2814 1717 2890 XI.
1759 2833 1882 2885 ει.
1978 2813 2110 2882 w&
2158 2829 2420 2888 autem
2470 2812 2533 2888 si
2568 2814 2969 2920 ponimus,
3022 2839 3200 2890 cum
3234 2839 3323 2889 eo
3368 2814 3881 2921 compositum

689 2966 852 3015 non
900 2963 1053 3016 esse
1103 2955 1354 3043 potest
1397 2932 1530 3010 ιῆἓῒ
1570 2954 1649 3015 ει
1697 2934 2058 3016 mendose
2108 2954 2418 3042 ponunt
2470 2936 2735 3015 scholl.
2790 2943 2877 3014 A.
2930 2941 3008 3015 C.
3059 2939 3156 3013 D.
3213 2931 3525 3024 ὧῑῆτηπτς
3584 2964 3763 3014 nam
3813 2938 3879 3015 si

688 3062 1211 3138 nominativus
1256 3077 1389 3148 est,
1442 3059 1699 3136 tbema
1746 3056 1947 3148 *RQ
1974 3057 2204 3135 debet
2251 3083 2424 3135 esse.
2525 3056 3026 3136 Praedicatur
3075 3057 3168 3134 de
3211 3083 3301 3134 eo
3342 3060 3610 3156 We,
3661 3056 3878 3161 quod

688 3180 987 3288 duplici
1037 3207 1270 3260 sensu
1317 3179 1563 3287 accipi
1599 3198 1869 3287 potest.
1912 3180 1990 3257 Si
2022 3205 2153 3258 rex
2184 3179 2360 3276 fuit,
2410 3199 2817 3285 poetarum
2867 3199 3242 3285 patronus
3278 3180 3879 3284 certaminisque

687 3304 968 3410 poetici
1012 3304 1346 3396 arbiter,
1394 3305 1787 3407 eleganter
1839 3304 2062 3408 ponit
2112 3318 2339 3408 poeta
2392 3303 2894 3387 vocabulum,
2957 3329 3118 3406 quo
3182 3327 3359 3378 eum
3425 3321 3504 3379 et
3570 3328 3877 3408 poema·-

687 3445 855 3504 tum
897 3428 1496 3505 auscultatorem
1545 3426 1792 3517 dicat,
1843 3427 2050 3506 valet
2098 3425 2310 3502 enim
2359 3424 2716 3511 audiens,
2764 3442 2842 3502 ει
2885 3425 3088 3502 fama
3116 3427 3617 3519 celebratum,
3652 3452 3879 3502 aures

682 3548 1094 3625 hominum
1149 3567 1683 3655 occupantem.
1754 3549 1976 3648 Quae
2021 3548 2128 3625 vis
2173 3546 2499 3627 additur
2534 3549 2698 3625 voci
2731 3567 3054 3654 propter
3074 3546 3535 3654 praecedens
3566 3572 3617 3621 :r
3643 3551 3877 3647 &vg-fre.

679 3672 800 3747 De
844 3671 1163 3748 homine
1203 3670 1603 3750 Vedarum
1650 3673 1972 3752 scientia
2023 3672 2401 3750 instructo
2452 3673 2616 3748 noli
2670 3673 3023 3773 cogitare.
3087 3677 3188 3747 At
3228 3673 3291 3746 si
3338 3672 3485 3746 h.1.
3540 3698 3700 3748 non
3751 3672 3874 3747 in-

687 3792 1066 3895 telligitur
1130 3817 1266 3869 rex
1313 3791 1681 3896 Dhoyin,
1747 3797 2351 3870 Laxmanasenas
2399 3792 2555 3867 alio
2607 3791 2923 3866 nomine
2987 3788 3273 3879 dictus,
3335 3809 3414 3867 et
3477 3790 3874 3869 indicatur

681 3915 960 4007 homo,
1004 3914 1331 3992 titulum
1379 3915 1758 4022 principis
1803 3934 2207 4022 poetarum
2256 3913 2404 3991 sibi
2456 3938 2849 4016 arrogans,
2900 3912 3136 3990 etiam
3185 3914 3272 3991 in
3334 3916 3620 3992 malam
3694 3944 3871 4021 par-

684 4056 838 4115 tem
887 4037 1235 4144 accipere
1284 4056 1542 4144 potes,
1596 4056 1686 4115 ut
1733 4039 1834 4120 sit
1876 4056 2133 4144 poeta,
2185 4039 2327 4143 qui
2378 4064 2472 4114 ex
2517 4063 2658 4116 suo
2708 4037 2947 4143 ipsius
2995 4037 3308 4141 ingenio
3346 4039 3457 4115 nil
3507 4038 3868 4146 proferat,

679 4162 1171 4264 aliorumque
1218 4162 1696 4240 carminibus
1732 4161 2182 4241 memoriam
2223 4161 2611 4240 fecundet.
2668 4164 2892 4239 Hanc
2916 4160 3449 4239 difficultatem
3497 4162 3743 4264 tangit
3777 4165 3865 4237 E.

677 4305 865 4383 W
907 4301 981 4360 et
1025 4285 1237 4380 ’ξῑὲἓῐιτζ
1285 4282 1581 4362 diverso
1633 4310 1861 4366 sensu
1912 4308 2256 4391 ponens,
2312 4280 2526 4359 haud
2572 4300 3126 4388 perspexerunt
3168 4299 3309 4358 aut
3378 4280 3869 4360 diremerunt

679 4407 935 4485 ceteri.
1034 4405 1331 4485 Pendet
1375 4404 1757 4484 iudicium
1811 4407 1909 4484 ab
1962 4431 2050 4483 ea
2101 4433 2259 4512 qua
2310 4431 2659 4484 caremus
2709 4406 3193 4509 cognitione,
3246 4424 3518 4482 utrum
3542 4405 3867 4509 Dhoyin

676 4549 1054 4637 patronus
1101 4556 1205 4606 an
1252 4530 1605 4606 aemulus
1655 4530 1898 4607 fuerit
1945 4549 2214 4638 poetae
2245 4527 2488 4606 nostri
2519 4546 2598 4603 et
2645 4524 3096 4604 dubitanter
3147 4544 3453 4604 tantum
3497 4527 3583 4603 in
3618 4546 3866 4633 poste-

675 4652 961 4729 riorem
998 4651 1297 4730 discessi
1345 4654 1849 4742 sententiam,
1890 4679 2060 4734 eam
2110 4651 2442 4734 maxime
2491 4650 2591 4727 ob
2642 4675 3005 4734 caussam,
3048 4647 3262 4753 quod
3314 4650 3548 4726 etiam
3580 4648 3864 4755 priori·

676 4774 822 4851 bus
856 4776 1195 4853 versibus
1248 4793 1394 4853 tres
1441 4772 1700 4853 adsint
1747 4795 2056 4882 poetae,
2106 4773 2265 4854 duo
2314 4792 2776 4879 carpantur,
2827 4798 3033 4849 unus
3075 4770 3462 4848 laudetur.

876 4898 1068 4976 Dist.
1118 4897 1186 4975 5.
1231 4901 1344 4994 ζῆ·
1393 4896 1691 4976 dictum
1736 4916 1851 4975 est
1896 4923 1990 4975 ex
2036 4897 2416 4976 sententia
2466 4897 2698 4975 schol.
2754 4895 2857 4973 ob
2903 4887 3539 4994 ππιτιὲτῦῇπῑτέι
3587 4938 3623 4953 -·
3680 4897 3859 4983 Ετῆθ

676 5039 818 5098 aut
867 5019 1321 5102 adverbium
1364 5040 1503 5100 aut
1551 5020 1956 5127 epitheton
2003 5021 2208 5100 vocis
2253 5015 2349 5107 ὲὲ
2398 5045 2551 5100 εεεε
2602 5037 2884 5126 potest,
2932 5019 3118 5107 &livi
3175 5025 3279 5118 ³52?
3337 5021 3566 5106 affiatu
3611 5013 3865 5092 :iimm-
