4935 5819
1893 478 2548 575 Fami-:comma
2609 483 2723 577 V.
3758 510 3904 568 xm

720 726 1032 803 Samvat
1090 726 1274 824 1692
1318 719 1438 821 (A,
1481 727 1550 806 S.
1614 727 1854 824 1614.)
1899 727 2548 806 commentarium
2618 747 2829 809 tenet
2875 731 3040 809 sine
3103 748 3338 808 textu·
3453 728 3584 806 Uti
3649 746 3904 805 tamen

722 866 944 972 potui
1001 866 1165 942 loco
1210 865 1675 972 apographi,
1727 865 2113 970 siquidem
2165 870 2542 975 pleraque
2592 870 2964 946 vocabula
3024 870 3108 946 in
3168 867 3476 947 scholiis
3544 884 3907 973 repetun-

725 1022 877 1083 tur.
978 1005 1338 1111 Optimae
1388 1023 1614 1083 notae
1646 1023 1769 1083 est
1816 1006 2037 1082 liber.
2139 1008 2551 1114 Inscriptio
2601 1008 3134 1086 commentarii
3192 1008 3445 1084 finalis
3506 1005 3695 1082 haec
3757 1022 3903 1081 est.

722 1139 3904 1311 affinwwffirffifflw·wffifflffizfiwfflwffiwffiwww

919 1707 1535 1785 Commentarius
1587 1709 1851 1813 itaque
1902 1709 2032 1786 hic
2080 1711 2497 1819 inscriptus
2532 1731 2643 1788 est
2673 1710 3325 1812 Pddadyotanikd,
3377 1735 3536 1812 quo
3587 1707 3904 1785 nomine

719 1840 1242 1945 significatur,
1319 1848 1800 1949 grammatici
1871 1875 2131 1927 sensus
2204 1876 2356 1929 esse
2422 1853 3184 1959 interpretationem,
3266 1866 3427 1927 n'on
3499 1847 3905 1930 reconditi.

718 1983 1101 2088 scriptor,
1169 1986 1605 2088 Ndrdyana
1634 1988 2082 2083 -Pagzditas,
2135 2008 2465 2097 patrono
2529 2017 2711 2068 usus
2776 2012 2887 2068 est
2935 1973 3418 2082 Bhisbidasa,
3484 1989 3648 2067 filio
3712 1992 3907 2064 Lax-

719 2122 1073 2200 midasae.
1173 2126 1476 2204 Scholia
1508 2147 1694 2206 sunt
1721 2130 2059 2234 optimae
2091 2150 2339 2223 notae,
2390 2132 2671 2223 brevia,
2722 2149 2801 2208 at
2833 2130 3289 2209 sufficientia
3326 2147 3405 2207 et
3449 2128 3691 2207 textui
3729 2127 3910 2206 satis

718 2285 1047 2370 purgato
1099 2286 1667 2374 superstructa,
1720 2270 2009 2374 quibus
2061 2269 2231 2347 ideo
2277 2295 2463 2376 prae
2512 2270 2782 2346 ceteris
2830 2269 3072 2347 fretus
3117 2296 3312 2346 sum.

817 2407 903 2480 E.
1008 2408 1456 2511 Bengalicus
1504 2426 1616 2486 est
1665 2408 1902 2486 codex
1952 2410 2229 2514 Regius
2275 2408 2734 2499 Parisiacus,
2789 2432 3024 2510 quem
3067 2433 3208 2511 per
3245 2405 3437 2483 duas
3489 2422 3725 2483 tresve
3768 2404 3910 2482 ho-

719 2571 841 2621 ras
890 2546 1269 2651 inspicere
1320 2549 1515 2623 mihi
1564 2548 1830 2639 licuit3
1882 2575 2200 2625 mancus
2245 2565 2358 2624 est
2400 2566 2479 2623 et
2528 2546 2613 2623 in
2656 2544 2906 2620 verbis
2953 2565 3027 2614 επ
3075 2521 3320 2643 «πῃ-ἑτ-
3372 2546 3519 2638 XI,
3567 2549 3680 2620 23.
3731 2542 3912 2618 sub-

720 2684 950 2773 sistit3
1006 2684 1305 2763 mendis
1355 2706 1750 2792 praeterea
1791 2707 2044 2765 scatet.
2147 2693 2581 2765 Instructus
2629 2704 2739 2762 est
2783 2702 3029 2762 textus
3061 2683 3640 2774 commentario,
3690 2682 3913 2759 cuius

722 2848 1006 2902 nomen
1062 2824 1350 2901 nullibi
1403 2825 1666 2903 inveni
1682 2859 1704 2924 3
1757 2825 2034 2903 desunt
2082 2852 2284 2930 quae
2331 2824 2433 2904 ad
2475 2829 2655 2933 Cap.
2683 2829 2781 2923 V,
2809 2831 2856 2901 8
2884 2842 2961 2900 et
2988 2851 3193 2929 seqq.
3240 2847 3485 2929 usque
3532 2821 3634 2899 ad
3676 2823 3913 2899 finem

720 2964 1122 3069 pertinent
1166 2964 1494 3057 scholia3
1549 2967 1809 3044 brevia
1857 2985 2075 3058 sunt,
2142 2966 2270 3045 sed
2319 2969 2498 3045 satis
2549 2965 3056 3073 praestabilia.
3172 2961 3684 3042 Reconditum
3744 2986 3913 3039 sen-

716 3128 889 3180 sum
943 3105 1091 3182 nisi
1146 3104 1379 3183 fallor
1434 3106 1685 3211 tetigit
1725 3107 1856 3184 hic
1903 3128 2166 3186 noster
2213 3134 2671 3215 anonymus.

913 3243 1139 3320 Hisce
1187 3244 1544 3351 expositis
1591 3243 1690 3321 ad
1741 3271 1944 3333 eam,
2002 3247 2212 3323 unde
2261 3274 2594 3352 egressus
2647 3275 2851 3340 sum,
2922 3263 3261 3324 revertar
3307 3244 3758 3321 orationem.

914 3385 1008 3460 V.
1110 3385 1424 3476 Fateor,
1478 3411 1601 3461 me
1648 3411 2134 3494 summopere
2190 3414 2340 3465 esse
2390 3389 2799 3474 miratum,
2864 3414 3114 3491 quum
3179 3385 3524 3490 primum
3592 3384 3907 3485 Gitago-

713 3521 1035 3602 vindam
1087 3526 1608 3632 perlegissem,
1665 3547 1819 3606 tam
1866 3556 2113 3636 pauca
2169 3527 2707 3607 reconditioris
2756 3552 3015 3604 sensus
3053 3525 3362 3627 vestigia
3422 3524 3508 3598 in
3560 3523 3905 3598 carmine

714 3667 1134 3771 repperiri,
1185 3666 1400 3770 quod
1454 3668 1770 3772 mystica
1821 3667 2299 3775 amphibolia
2351 3664 2727 3742 refertum
2778 3660 3277 3746 credideram,
3331 3656 3621 3734 iudicio
3671 3661 3903 3734 Jone-

711 3805 842 3892 sii,
892 3832 936 3882 a
968 3805 1473 3886 Colebrookio
1522 3806 2097 3912 quodammodo
2147 3806 2639 3892 confirmato,
2693 3801 2972 3895 fretus3
3023 3798 3273 3884 unde,
3317 3799 3438 3876 uti
3486 3796 3654 3872 fieri
3688 3796 3896 3886 solet,

711 3962 892 4023 nata
946 3964 1059 4024 est
1104 3947 1476 4053 suspicio,
1531 3966 1837 4055 praeter
1873 3945 2452 4024 scholiastarum
2506 3942 2845 4045 argutias
2897 3940 3115 4017 nulla
3151 3935 3473 4015 omnino
3504 3963 3653 4015 esse
3683 3938 3901 4015 istius

706 4089 1132 4165 sententiae
1182 4088 1712 4166 fundamenta.
1813 4089 1991 4165 Adii
2046 4089 2312 4191 itaque
2374 4084 2962 4160 scholiastarum
3034 4081 3666 4170 commentarios»,
3733 4105 3892 4183 quo

707 4225 947 4317 facto,
998 4230 1247 4305 multo
1299 4230 1531 4308 etiam
1588 4230 1826 4335 magis
1872 4230 2255 4315 mirabar,
2308 4228 2407 4303 ab
2457 4251 2618 4301 uno
2674 4242 2978 4301 tantum
3029 4240 3476 4299 enarratore
3529 4217 3893 4320 indigena

706 4383 943 4468 atque
993 4364 1080 4440 in
1131 4366 1393 4470 paucis
1446 4386 1750 4446 tantum
1805 4368 1886 4444 id
1938 4370 2123 4445 locis
2166 4367 2526 4472 quidem,
2578 4363 2918 4473 proferri
2967 4361 3376 4466 anagogica
3430 4361 3891 4466 interpreta-

707 4524 989 4582 menta.
1090 4506 1338 4582 Simul
1385 4525 1643 4586 tamen
1691 4510 2116 4616 exploravi,
2180 4508 2412 4586 fuisse
2472 4523 2981 4592 enarratores,
3047 4504 3189 4609 qui
3252 4501 3571 4607 mystico
3633 4499 3886 4576 sensui

705 4645 1186 4723 enucleando
1237 4670 1551 4752 operam
1601 4667 2031 4739 navassent3
2092 4675 2202 4725 ex.
2258 4677 2366 4754 gr.
2421 4646 2743 4727 nomino
2792 4645 3241 4751 scriptorem
3297 4639 3884 4745 Bhavadipikae.

703 4781 912 4859 Hinc
955 4783 1248 4862 factum
1295 4803 1438 4877 est,
1490 4803 1584 4862 ut
1624 4786 1821 4863 mihi
1866 4787 2492 4893 persuaderetur,
2546 4816 2708 4865 non
2755 4787 2841 4863 in
2904 4780 3307 4888 superficie
3367 4780 3741 4887 poematis
3807 4798 3888 4857 et

701 4918 1024 5022 singulis
1073 4922 1324 4999 verbis
1369 4923 1613 5029 posita
1662 4949 1813 5001 esse
1856 4925 2395 5007 reconditioris
2434 4922 3015 5032 significationis
3064 4919 3403 5024 vestigia,
3453 4919 3583 4998 sed
3648 4922 3881 4998 altius

703 5085 789 5135 ea
817 5083 966 5135 esse
993 5058 1451 5165 indaganda.
1503 5065 1976 5144 Pertractato
2003 5063 2263 5146 denuo
2280 5086 2654 5175 poemate,
2684 5065 3046 5156 intellexi,
3066 5064 3243 5142 satis
3273 5064 3478 5140 clare
3509 5062 3877 5141 indicasse
