4935 5819
1021 491 1130 570 70
2235 476 2473 569 Gi‘rA
2535 476 2948 569 Govmm

1015 722 1135 797 De
1178 719 1589 798 obstaculis
1637 719 2029 798 vincendis
2078 720 2446 826 intelligit
2494 720 2838 799 schol.B.
2890 716 3105 797 haud
3154 721 3385 804 male,
3437 719 3499 796 si
3542 742 3725 792 cum
3774 715 3923 793 hoc
3978 740 4203 793 sensu

1016 845 1438 949 coniungas
1478 869 1659 922 eum
1707 870 1941 950 quem
1985 873 2162 924 mox
2213 847 2474 953 posui,
2526 844 2828 922 ovandi.
2871 881 2970 900 —
3033 837 3319 941 ῑῖεᾶι-εππι
3356 866 3685 947 compos·
3716 857 4201 938 εει-,πρεπῆ-

1015 964 1179 1043 aaz-c:
1239 998 1253 1037 ι
1307 970 1403 1043 Ι).
1458 1007 1554 1024 -
1652 973 2153 1076 summopere
2222 971 2526 1047 laborat
2587 968 2821 1047 scbol·
2872 972 2958 1046 A.
3025 988 3121 1046 ut
3183 968 3435 1045 verbis
3497 984 3766 1073 poetae
3829 961 4204 1041 obtrudat

1016 1119 1321 1171 sensum
1372 1091 2007 1186 reconditiorem,
2063 1121 2223 1172 non
2272 1094 2381 1172 ita
2434 1113 2529 1171 ut
2586 1092 3001 1196 anagogico
3067 1118 3294 1170 sensu
3361 1109 3609 1171 totum
3670 1112 3941 1194 poema
4008 1086 4203 1162 acci-

1016 1217 1225 1322 piat,
1274 1214 1406 1292 sed
1457 1217 1608 1308 ita,
1661 1236 1753 1293 ut
1801 1218 2123 1320 singulis
2183 1217 2711 1294 locutionibus
2770 1215 3116 1291 divinam
3163 1215 3511 1294 Visbnus
3580 1231 3946 1288 naturam
4008 1211 4203 1286 cele·

1017 1340 1231 1415 brari
1285 1340 1508 1416 nobis
1556 1339 2029 1446 persuadeat.
2127 1341 2589 1445 Exemplum
2636 1340 2914 1434 affer03
2962 1339 3237 1415 lunam
3285 1336 3479 1414 dicit
3528 1334 3872 1411 nubibus
3933 1334 4201 1409 obscu-

1015 1489 1212 1541 rasse
1251 1463 1689 1555 Krishnam,
1735 1490 1893 1570 quo
1946 1463 2205 1540 minus
2249 1463 2598 1539 Radham
2645 1461 2975 1569 puderet
3022 1487 3205 1539 eum
3255 1479 3543 1568 petere:
3593 1449 4203 1558 ῶητΐῆεεῆπῗὶῇῆετ-

1017 1609 1246 1682 W
1290 1580 1456 1685 33σῶ
1516 1616 1530 1655 ι

1217 1711 1413 1787 Dist.
1472 1738 1539 1785 2.
1590 1709 1785 1785 hem.
1846 1737 1902 1783 1.
2008 1706 2498 1811 Comparatio
2551 1704 2896 1782 desumta
2947 1720 3058 1781 est
3114 1702 3209 1779 de
3275 1701 3504 1781 domo
3575 1703 3903 1810 picturis
3969 1707 4205 1780 varie-

1015 1851 1188 1938 gata
1238 1851 1474 1937 atque
1526 1834 1949 1919 illustrata,
2015 1857 2196 1906 cum
2253 1857 2411 1934 qua
2484 1828 2986 1935 componitur
3033 1852 3248 1905 mens
3299 1846 3603 1933 poetae,
3666 1827 3768 1902 ab
3834 1830 4203 1932 eloquen-

1021 1958 1173 2034 tiae
1223 1954 1365 2033 dea
1417 1955 1846 2058 imaginum
1895 1954 2263 2031 varietate
2310 1954 2529 2058 quasi
2576 1972 2870 2031 ornata.
2970 1955 3161 2027 &fita
3207 1969 3319 2029 est
3373 1952 3702 2058 picturis
3759 1954 4203 2054 variegatus·

1015 2082 1222 2175 ῦῐῗπ,
1272 2104 1390 2155 res
1437 2097 1682 2181 gestae
1732 2101 2158 2180 earumque
2207 2078 2585 2168 narrati03
2628 2076 2914 2181 accipit
2957 2076 3194 2154 schol.
3247 2083 3313 2147 A
3363 2076 3461 2153 de
3509 2077 3739 2154 rebus
3787 2103 3834 2155 a
3870 2075 4206 2154 Krishna

1020 2202 1106 2278 in
1147 2225 1408 2277 amore
1456 2201 1678 2303 gestis
1725 2217 1804 2275 et
1853 2225 1899 2274 a
1950 2202 2169 2276 Musa
2216 2226 2392 2275 cum
2439 2218 2666 2304 poeta
2715 2202 3319 2279 communicatis.
3420 2204 3524 2279 Et
3578 2228 3760 2279 sane
3813 2199 3909 2278 de
3971 2203 4209 2297 ετετΐῗπ

1020 2326 1142 2402 vix
1192 2323 1690 2428 cogitandum
1741 2342 1896 2408 est,
1950 2321 2076 2399 sed
2121 2322 2553 2429 simplicior
2602 2343 2714 2402 est
2763 2326 3004 2417 ratio,
3067 2319 3330 2409 Ξπὲᾱπτ
3391 2350 3530 2430 per
3589 2325 4018 2428 genitivum
4082 2349 4209 2400 ex-

1020 2450 1349 2555 plicare,
1395 2448 1655 2544 τΙ-’ξπι-Εσ
1704 2447 1967 2549 itaque
2013 2463 2252 2522 erunt
2300 2447 2758 2549 eloquenter
2804 2467 2884 2526 et
2929 2449 3226 2555 poetice
3274 2446 3501 2538 (licta,
3548 2448 3837 2551 quibus
3868 2465 4209 2525 mentem

1018 2589 1293 2676 poetae
1340 2568 1672 2647 adornat
1716 2568 1898 2663 dea;
1946 2569 2083 2645 tali
2131 2588 2588 2645 ornamento
2639 2569 3028 2647 instruere
3079 2589 3384 2677 poetam
3420 2596 3540 2648 res
3570 2588 3723 2656 est,
3773 2597 4011 2675 quam
4060 2567 4203 2645 dea

1022 2718 1283 2796 gerere
1344 2690 1591 2768 debet.
1695 2692 1895 2768 hem.
1952 2712 2020 2762 2.
2070 2688 2261 2767 duas
2309 2692 2620 2770 invenio
2648 2693 2916 2770 scholl.
2959 2696 3543 2801 explicationes,
3589 2721 3926 2798 quarum
3976 2693 4198 2798 quasi

1022 2815 1254 2892 cardo
1306 2816 1392 2890 in
1444 2814 1743 2921 duplici
1793 2816 1995 2891 vocis
2036 2835 2224 2912 W
2271 2815 2347 2891 vi
2411 2835 2795 2907 versatur3
2861 2843 3045 2894 nam
3098 2836 3176 2895 et
3244 2837 3746 2908 cantatorem,
3816 2816 4197 2902 mimum,

1022 2958 1331 3047 poetam
1373 2939 1784 3042 significat,
1834 2958 1916 3016 et
1953 2939 2168 3044 quod
2211 2958 2614 3017 enotatum
2657 2969 2818 3018 non
2870 2961 2983 3019 est
3012 2970 3058 3018 a
3093 2941 3484 3032 Wilsone,
3533 2940 3966 3032 veneratio,
4013 2938 4197 3016 ado-

1021 3065 1265 3155 ratio,
1313 3084 1647 3160 W
1694 3064 1773 3137 C.
1875 3062 2393 3139 Fricationem
2445 3060 2770 3169 pedum,
2818 3064 3065 3156 ξιξ-τεεί,
3121 3064 3492 3168 intelligit
3521 3063 3617 3137 D.
3664 3087 3804 3139 suo
3832 3061 4205 3167 periculo.

1019 3209 1206 3282 W
1281 3204 1541 3263 tamen
1627 3187 1728 3261 ab
1797 3185 2376 3287 antiquioribus
2458 3188 2712 3264 rarius
2776 3188 3104 3293 ponitur
3181 3214 3324 3292 pro
3400 3203 3626 3291 poeta
3696 3209 3992 3289 neque,
4063 3182 4202 3286 qui

1022 3309 1257 3388 hodie
1305 3309 1744 3386 Bhillorum
1793 3307 2185 3413 principes
2233 3307 2732 3387 circumstant
2782 3309 3227 3397 Charanae,
3286 3335 3468 3385 cum
3529 3309 3718 3385 artis
3783 3307 4027 3413 poetis
4084 3313 4213 3384 ln·

1026 3434 1257 3522 dicis,
1301 3436 1460 3524 ᾱτΐὲῐ,
1530 3459 1690 3536 quo
1741 3434 1975 3509 verbo
2039 3457 2340 3539 semper
2403 3458 2558 3509 sese
2621 3432 2967 3539 appellat
3013 3447 3306 3521 noster,
3368 3430 3803 3535 comparari
3867 3446 4209 3535 possunt.

1029 3556 1104 3631 Si
1154 3553 1502 3631 adoratio
1550 3552 2145 3655 significaretur,
2194 3578 2455 3630 sensus
2496 3573 2727 3640 esset,
2776 3554 3107 3636 Padmae
3164 3550 3617 3631 adoratione
3675 3553 3926 3630 factus
3989 3550 4208 3656 quasi

1029 3703 1198 3763 rex,
1247 3698 1338 3771 ξιτ
1381 3698 1478 3776 :⁴31
1519 3677 1617 3752 D.
1669 3678 1786 3753 vel
1835 3670 2229 3775 ὲετῆτῐῡῖιπ,
2285 3680 2362 3754 C.
2393 3678 2756 3784 princeps
2802 3676 3347 3769 adoratorum3
3391 3696 3473 3755 at
3519 3677 3716 3772 mire
3758 3672 4056 3753 dictum
4098 3691 4213 3751 est

1028 3794 1368 3890 unffi,
1412 3801 1477 3877 si
1529 3825 1785 3905 neque
1834 3826 1965 3878 rex
2027 3800 2186 3879 fuit
2229 3800 2646 3896 Jayadevas
2670 3859 2690 3894 ,
2761 3828 3014 3906 neque
3071 3801 3425 3891 additur,
3492 3800 3701 3880 inter
3763 3823 3957 3902 quos
4017 3795 4212 3898 regia

1035 3924 1492 4003 auctoritate
1540 3925 1758 4028 quasi
1812 3926 2096 4029 polleat
2149 3945 2394 4031 poeta.
2496 3926 2739 4030 Magis
2764 3927 3005 4031 igitur
3036 3928 3334 4004 inclino
3367 3926 3455 4003 in
3484 3922 3944 4002 sententiam
3973 3920 4209 3997 schol.

1031 4053 1121 4125 Α.
1172 4048 1312 4151 qui
1365 4047 1695 4152 explicat
1733 4040 2042 4137 πέει-ἐπε,
2091 4073 2270 4124 cum
2310 4077 2470 4154 quo
2514 4049 2897 4126 consentit
2941 4049 3174 4125 etiam
3224 4047 3366 4152 qui
3428 4065 3763 4150 utroque
3809 4038 4041 4119 modo
4093 4041 4213 4118 iu-

1035 4188 1497 4278 terpretatus
1545 4187 1657 4247 est
1705 4171 1800 4247 C:
1853 4167 2351 4265 {mmmm-ff
2390 4171 2522 4251 sed
2574 4198 2739 4248 non
2787 4170 3136 4273 intelligo
3160 4167 3625 4274 Jayadevam
3669 4167 3944 4273 ipsum,
3971 4164 4211 4242 Brab-

1031 4321 1389 4384 manum‚
1439 4293 1659 4369 mimi
1712 4312 1965 4399 partes
2006 4295 2276 4399 egisse,
2315 4295 2445 4372 sed
2497 4296 2919 4373 mimorum
2961 4312 3039 4371 et
3085 4295 3582 4381 saltatorum,
3634 4289 3773 4394 qui
3841 4289 3927 4368 in
3982 4313 4211 4367 scena

1032 4417 1500 4494 exhibebant
1522 4417 2137 4521 Gitagovindam,
2185 4418 2736 4497 ordinatorem.
2804 4418 3057 4497 Aliter
3086 4441 3338 4520 regem
3366 4433 3771 4522 poetarum
3804 4413 3999 4493 dicit
4049 4420 4103 4491 1.
4134 4422 4213 4499 4.

1029 4542 1162 4617 xl.
1219 4567 1333 4616 21.
1438 4538 1676 4618 Addit
1725 4544 1816 4616 A:
1865 4544 2140 4635 {aldim
2185 4564 2613 4640 ῦζτῑωπῆπῖι
2670 4569 2682 4611 ι
2753 4563 2846 4641 ff(
2906 4539 3007 4618 ad
3059 4536 3584 4615 Padmavatim
3647 4536 3695 4612 i·
3746 4560 3812 4612 ε.
3860 4535 4213 4612 Laxmim

1032 4664 1251 4741 refer.
1293 4685 1490 4762 w,
1542 4690 1710 4773 pes,
1759 4665 2093 4771 explicat
2135 4669 2237 4742 A:
2284 4658 3091 4765 πηηπῆξέῗῆηῑπῆ-ὶπ
3135 4655 3582 4759 ετῑητῑππῆ
3629 4656 4068 4736 desumtum
4102 4676 4214 4736 est

1031 4784 1242 4860 enim
1310 4810 1406 4861 ex
1472 4814 1682 4865 more
1746 4784 2168 4892 loquendi,
2237 4814 2396 4892 quo
2473 4806 2567 4865 ut
2637 4787 3035 4866 hominem
3083 4785 3501 4874 extollant,
3565 4780 3796 4890 pedes
3860 4782 4027 4860 eius
4095 4779 4214 4857 di-

1030 4925 1226 4984 cunt
1251 4904 1471 4996 Indi,
1523 4911 1898 4987 nimirum
1946 4930 2040 4988 ut
2084 4909 2520 5015 significent
2561 4912 2910 4989 infimam
2950 4910 3115 4990 eius
3165 4925 3465 5015 partem
3505 4933 3584 4986 se
3630 4931 3783 4986 esse
3828 4905 4212 4986 altiorem,

1024 5049 1262 5136 caput
1294 5048 1556 5108 autem
1604 5050 1683 5109 et
1725 5033 2026 5136 reliqua
2075 5034 2373 5120 altiora,
2425 5061 2666 5140 quam
2707 5054 2801 5115 ut
2848 5062 2893 5114 a
2920 5059 2998 5113 se
3050 5033 3576 5116 nominentur.
3682 5029 3806 5112 Sic
3848 5028 4213 5108 Bharatas
